<?xml version="1.0" encoding="UTF-8"?>
<!DOCTYPE html PUBLIC "-//W3C//DTD XHTML 1.0 Transitional//EN"
    "http://www.w3.org/TR/xhtml1/DTD/xhtml1-transitional.dtd">
<html xmlns="http://www.w3.org/1999/xhtml" xml:lang="en" lang="en">
 <head>
  <title>
</title>
<meta http-equiv="Content-Type" content="text/html;charset=utf-8" />
  <meta name='ocr-system' content='tesseract 3.04.00' />
  <meta name='ocr-capabilities' content='ocr_page ocr_carea ocr_par ocr_line ocrx_word'/>
</head>
<body>
  <div class='ocr_page' id='page_1' title='image "./cjuliicaesariso00plutgoog_0348.png"; bbox 0 0 3017 4925; ppageno 0'>
   <div class='ocr_carea' id='block_1_1' title="bbox 529 406 2052 501">
    <p class='ocr_par' dir='ltr' id='par_1_1' title="bbox 529 406 2052 501">
     <span class='ocr_line' id='line_1_1' title="bbox 529 406 2052 501; baseline 0 -21"><span class='ocrx_word' id='word_1_1' title='bbox 529 406 727 501; x_wconf 62' lang='lat' dir='ltr'><strong>‘mis</strong></span> <span class='ocrx_word' id='word_1_2' title='bbox 1287 422 1606 481; x_wconf 69' lang='lat' dir='ltr'><strong>-J&#39;osm’m</strong></span> <span class='ocrx_word' id='word_1_3' title='bbox 1650 428 2052 482; x_wconf 70' lang='lat' dir='ltr'><strong>scAmcnm</strong></span> 
     </span>
    </p>
   </div>
   <div class='ocr_carea' id='block_1_2' title="bbox 441 562 2771 4250">
    <p class='ocr_par' dir='ltr' id='par_1_2' title="bbox 441 562 2761 769">
     <span class='ocr_line' id='line_1_2' title="bbox 645 562 2761 661; baseline 0 -21"><span class='ocrx_word' id='word_1_4' title='bbox 645 566 986 641; x_wconf 55' lang='lat' dir='ltr'><strong>Velocem}</strong></span> <span class='ocrx_word' id='word_1_5' title='bbox 1003 562 1512 661; x_wconf 66' lang='lat' dir='ltr'><strong>=perperam-‘edi</strong></span> <span class='ocrx_word' id='word_1_6' title='bbox 1554 580 1872 661; x_wconf 85' lang='lat' dir='ltr'><strong>putamus</strong></span> <span class='ocrx_word' id='word_1_7' title='bbox 1916 595 2044 660; x_wconf 85' lang='lat' dir='ltr'><strong>pro</strong></span> <span class='ocrx_word' id='word_1_8' title='bbox 2072 575 2579 643; x_wconf 72' lang='lat' dir='ltr'><strong>Baiocassib&#39;uS.</strong></span> <span class='ocrx_word' id='word_1_9' title='bbox 2612 580 2619 587; x_wconf 82' lang='lat'><strong><em>‘</em></strong></span> <span class='ocrx_word' id='word_1_10' title='bbox 2668 572 2761 657; x_wconf 60' lang='lat' dir='ltr'><strong>Ly</strong></span> 
     </span>
     <span class='ocr_line' id='line_1_3' title="bbox 441 664 2735 769; baseline 0 -24"><span class='ocrx_word' id='word_1_11' title='bbox 441 710 445 715; x_wconf 84' lang='grc'><em>·</em></span> <span class='ocrx_word' id='word_1_12' title='bbox 542 702 730 769; x_wconf 74' lang='lat' dir='ltr'><strong>pays,</strong></span> <span class='ocrx_word' id='word_1_13' title='bbox 764 669 1093 766; x_wconf 67' lang='lat' dir='ltr'><strong>Bailliage</strong></span> <span class='ocrx_word' id='word_1_14' title='bbox 1119 689 1176 743; x_wconf 72' lang='lat' dir='ltr'><strong>et</strong></span> <span class='ocrx_word' id='word_1_15' title='bbox 1201 677 1473 744; x_wconf 69' lang='lat' dir='ltr'><strong>Evesche&#39;:</strong></span> <span class='ocrx_word' id='word_1_16' title='bbox 1495 675 1858 743; x_wconf 72' lang='lat' dir='ltr'><strong>de-Baieux</strong></span> <span class='ocrx_word' id='word_1_17' title='bbox 1885 699 1961 742; x_wconf 81' lang='lat' dir='ltr'><strong>en</strong></span> <span class='ocrx_word' id='word_1_18' title='bbox 1984 675 2392 759; x_wconf 57' lang='lat' dir='ltr'><strong>Notmandie.</strong></span> <span class='ocrx_word' id='word_1_19' title='bbox 2722 664 2735 683; x_wconf 69' lang='lat'><strong><em>‘</em></strong></span> 
     </span>
    </p>

    <p class='ocr_par' dir='ltr' id='par_1_3' title="bbox 648 777 1683 867">
     <span class='ocr_line' id='line_1_4' title="bbox 648 777 1683 867; baseline -0.004 -20"><span class='ocrx_word' id='word_1_20' title='bbox 648 780 887 848; x_wconf 80' lang='lat' dir='ltr'><strong>Veneti.</strong></span> <span class='ocrx_word' id='word_1_21' title='bbox 967 777 1199 846; x_wconf 74' lang='lat' dir='ltr'><strong>Vennes</strong></span> <span class='ocrx_word' id='word_1_22' title='bbox 1229 801 1303 844; x_wconf 81' lang='lat' dir='ltr'><strong>en</strong></span> <span class='ocrx_word' id='word_1_23' title='bbox 1337 778 1683 867; x_wconf 80' lang='lat' dir='ltr'><strong>Bretagne.</strong></span> 
     </span>
    </p>

    <p class='ocr_par' dir='ltr' id='par_1_4' title="bbox 537 876 2762 1175">
     <span class='ocr_line' id='line_1_5' title="bbox 627 876 2760 977; baseline 0 -28.009"><span class='ocrx_word' id='word_1_24' title='bbox 627 876 1083 957; x_wconf 75' lang='lat' dir='ltr'><strong>Veromondui.</strong></span> <span class='ocrx_word' id='word_1_25' title='bbox 1177 882 1424 948; x_wconf 87' lang='lat' dir='ltr'><strong>Eorum</strong></span> <span class='ocrx_word' id='word_1_26' title='bbox 1497 885 1736 949; x_wconf 81' lang='lat' dir='ltr'><strong>civitas</strong></span> <span class='ocrx_word' id='word_1_27' title='bbox 1808 883 2115 969; x_wconf 84' lang='lat' dir='ltr'><strong>Augusta</strong></span> <span class='ocrx_word' id='word_1_28' title='bbox 2166 882 2760 977; x_wconf 73' lang='lat' dir='ltr'><strong>Veromandor&#39;um.</strong></span> 
     </span>
     <span class='ocr_line' id='line_1_6' title="bbox 537 980 2762 1089; baseline -0.002 -32"><span class='ocrx_word' id='word_1_29' title='bbox 537 990 778 1057; x_wconf 62' lang='lat' dir='ltr'><strong>«Sainct</strong></span> <span class='ocrx_word' id='word_1_30' title='bbox 830 987 1132 1056; x_wconf 72' lang='grc' dir='ltr'>Οασηιὺι</span> <span class='ocrx_word' id='word_1_31' title='bbox 1146 1007 1223 1050; x_wconf 84' lang='lat' dir='ltr'><strong>en</strong></span> <span class='ocrx_word' id='word_1_32' title='bbox 1275 983 1856 1052; x_wconf 78' lang='lat' dir='ltr'><strong>Vermandois.1n</strong></span> <span class='ocrx_word' id='word_1_33' title='bbox 1904 988 2046 1052; x_wconf 77' lang='lat' dir='ltr'><strong>vita</strong></span> <span class='ocrx_word' id='word_1_34' title='bbox 2072 987 2145 1053; x_wconf 87' lang='lat' dir='ltr'><strong>S.</strong></span> <span class='ocrx_word' id='word_1_35' title='bbox 2178 985 2482 1066; x_wconf 82' lang='lat' dir='ltr'><strong>Quintini</strong></span> <span class='ocrx_word' id='word_1_36' title='bbox 2520 980 2762 1089; x_wconf 60' lang='lat' dir='ltr'><strong>diserte</strong></span> 
     </span>
     <span class='ocr_line' id='line_1_7' title="bbox 554 1090 1767 1175; baseline -0.006 -15"><span class='ocrx_word' id='word_1_37' title='bbox 554 1095 800 1160; x_wconf 89' lang='lat' dir='ltr'><strong>dicitur</strong></span> <span class='ocrx_word' id='word_1_38' title='bbox 830 1090 1142 1175; x_wconf 70' lang='lat' dir='ltr'><strong>Augusta</strong></span> <span class='ocrx_word' id='word_1_39' title='bbox 1167 1090 1767 1158; x_wconf 85' lang='lat' dir='ltr'><strong>Vermanduorum.</strong></span> 
     </span>
    </p>

    <p class='ocr_par' dir='ltr' id='par_1_5' title="bbox 537 1154 2765 1384">
     <span class='ocr_line' id='line_1_8' title="bbox 646 1154 2765 1279; baseline 0.001 -21"><span class='ocrx_word' id='word_1_40' title='bbox 646 1191 710 1257; x_wconf 83' lang='lat' dir='ltr'><em>V</em></span> <span class='ocrx_word' id='word_1_41' title='bbox 703 1194 958 1259; x_wconf 73' lang='lat' dir='ltr'><strong>esuntzo</strong></span> <span class='ocrx_word' id='word_1_42' title='bbox 1039 1190 1250 1263; x_wconf 83' lang='lat' dir='ltr'><strong>Aliis</strong></span> <span class='ocrx_word' id='word_1_43' title='bbox 1261 1190 1570 1259; x_wconf 80' lang='lat' dir='ltr'><strong>scribitur</strong></span> <span class='ocrx_word' id='word_1_44' title='bbox 1616 1191 1953 1259; x_wconf 82' lang='lat' dir='ltr'><strong>Bisuutio.</strong></span> <span class='ocrx_word' id='word_1_45' title='bbox 2032 1189 2383 1279; x_wconf 67' lang='lat' dir='ltr'><strong>Besanfon.</strong></span> <span class='ocrx_word' id='word_1_46' title='bbox 2452 1154 2765 1260; x_wconf 79' lang='lat' dir='ltr'><strong>Maxima</strong></span> 
     </span>
     <span class='ocr_line' id='line_1_9' title="bbox 537 1299 1030 1384; baseline -0.002 -20"><span class='ocrx_word' id='word_1_47' title='bbox 537 1299 1030 1384; x_wconf 68' lang='lat' dir='ltr'><strong>Sequanorum.</strong></span> 
     </span>
    </p>

    <p class='ocr_par' dir='ltr' id='par_1_6' title="bbox 646 1393 2476 1482">
     <span class='ocr_line' id='line_1_10' title="bbox 646 1393 2476 1482; baseline -0.001 -18"><span class='ocrx_word' id='word_1_48' title='bbox 646 1397 912 1465; x_wconf 77' lang='lat' dir='ltr'><strong>Vienna.</strong></span> <span class='ocrx_word' id='word_1_49' title='bbox 967 1393 1052 1460; x_wconf 88' lang='lat' dir='ltr'><em>V</em></span> <span class='ocrx_word' id='word_1_50' title='bbox 1024 1417 1198 1462; x_wconf 80' lang='lat' dir='ltr'><strong>mme</strong></span> <span class='ocrx_word' id='word_1_51' title='bbox 1224 1395 1300 1462; x_wconf 81' lang='lat' dir='ltr'><strong>de</strong></span> <span class='ocrx_word' id='word_1_52' title='bbox 1328 1393 1658 1482; x_wconf 63' lang='lat' dir='ltr'><strong>Daulfinei.</strong></span> <span class='ocrx_word' id='word_1_53' title='bbox 1730 1395 1996 1462; x_wconf 79' lang='lat' dir='ltr'><strong>Vienna</strong></span> <span class='ocrx_word' id='word_1_54' title='bbox 2020 1394 2476 1481; x_wconf 77' lang='lat' dir='ltr'><strong>Allobrogum.</strong></span> 
     </span>
    </p>

    <p class='ocr_par' dir='ltr' id='par_1_7' title="bbox 536 1494 2765 1794">
     <span class='ocr_line' id='line_1_11' title="bbox 649 1494 2765 1586; baseline 0 -21"><span class='ocrx_word' id='word_1_55' title='bbox 649 1499 929 1568; x_wconf 67' lang='lat' dir='ltr'><strong>rocam.</strong></span> <span class='ocrx_word' id='word_1_56' title='bbox 975 1496 1432 1586; x_wconf 75' lang='lat' dir='ltr'><strong>Suspicamur?</strong></span> <span class='ocrx_word' id='word_1_57' title='bbox 1454 1520 1607 1566; x_wconf 83' lang='lat' dir='ltr'><strong>esse</strong></span> <span class='ocrx_word' id='word_1_58' title='bbox 1630 1496 1907 1579; x_wconf 45' lang='lat' dir='ltr'><strong>,Booten</strong></span> <span class='ocrx_word' id='word_1_59' title='bbox 1953 1494 2167 1563; x_wconf 62' lang='lat' dir='ltr'><strong>Budas</strong></span> <span class='ocrx_word' id='word_1_60' title='bbox 2188 1522 2209 1563; x_wconf 86' lang='lat'><strong>.-</strong></span> <span class='ocrx_word' id='word_1_61' title='bbox 2268 1499 2452 1585; x_wconf 89' lang='lat' dir='ltr'><strong>quod</strong></span> <span class='ocrx_word' id='word_1_62' title='bbox 2482 1501 2765 1567; x_wconf 80' lang='lat' dir='ltr'><strong>,omnino</strong></span> 
     </span>
     <span class='ocr_line' id='line_1_12' title="bbox 536 1600 2764 1688; baseline -0.003 -15"><span class='ocrx_word' id='word_1_63' title='bbox 536 1612 806 1673; x_wconf 58' lang='lat' dir='ltr'><strong>{certum</strong></span> <span class='ocrx_word' id='word_1_64' title='bbox 825 1612 964 1671; x_wconf 86' lang='lat' dir='ltr'><strong>est.-</strong></span> <span class='ocrx_word' id='word_1_65' title='bbox 1040 1605 1168 1670; x_wconf 76' lang='lat' dir='ltr'><strong>Siti</strong></span> <span class='ocrx_word' id='word_1_66' title='bbox 1191 1605 1435 1669; x_wconf 75' lang='lat' dir='ltr'><strong>suntin</strong></span> <span class='ocrx_word' id='word_1_67' title='bbox 1458 1603 1696 1668; x_wconf 81' lang='lat' dir='ltr'><strong>finibus</strong></span> <span class='ocrx_word' id='word_1_68' title='bbox 1719 1601 2246 1688; x_wconf 78' lang='lat' dir='ltr'><strong>Lapurdensium</strong></span> <span class='ocrx_word' id='word_1_69' title='bbox 2266 1607 2423 1687; x_wconf 87' lang='lat' dir='ltr'><strong>post</strong></span> <span class='ocrx_word' id='word_1_70' title='bbox 2450 1600 2764 1668; x_wconf 83' lang='lat' dir='ltr'><strong>Medulos</strong></span> 
     </span>
     <span class='ocr_line' id='line_1_13' title="bbox 552 1707 2745 1794; baseline -0.003 -20"><span class='ocrx_word' id='word_1_71' title='bbox 552 1711 626 1774; x_wconf 87' lang='lat' dir='ltr'><strong>in</strong></span> <span class='ocrx_word' id='word_1_72' title='bbox 649 1707 1298 1794; x_wconf 84' lang='lat' dir='ltr'><strong>Novempopulania.</strong></span> <span class='ocrx_word' id='word_1_73' title='bbox 2736 1760 2745 1767; x_wconf 85' lang='lat'><strong>.</strong></span> 
     </span>
    </p>

    <p class='ocr_par' dir='ltr' id='par_1_8' title="bbox 646 1804 2459 1897">
     <span class='ocr_line' id='line_1_14' title="bbox 646 1804 2459 1897; baseline 0.001 -27"><span class='ocrx_word' id='word_1_74' title='bbox 646 1806 951 1876; x_wconf 76' lang='lat' dir='ltr'><strong>Vocontii.</strong></span> <span class='ocrx_word' id='word_1_75' title='bbox 1030 1807 1123 1873; x_wconf 85' lang='lat' dir='ltr'><strong>Le</strong></span> <span class='ocrx_word' id='word_1_76' title='bbox 1145 1830 1303 1894; x_wconf 78' lang='lat' dir='ltr'><strong>pays</strong></span> <span class='ocrx_word' id='word_1_77' title='bbox 1330 1808 1406 1873; x_wconf 83' lang='lat' dir='ltr'><strong>de</strong></span> <span class='ocrx_word' id='word_1_78' title='bbox 1436 1804 1838 1897; x_wconf 68' lang='lat' dir='ltr'><strong>Diejusques</strong></span> <span class='ocrx_word' id='word_1_79' title='bbox 1865 1808 1907 1874; x_wconf 83' lang='grc' dir='ltr'><em>ὰ</em></span> <span class='ocrx_word' id='word_1_80' title='bbox 1943 1805 2198 1874; x_wconf 71' lang='lat' dir='ltr'><strong>Vaisou.</strong></span> <span class='ocrx_word' id='word_1_81' title='bbox 2448 1862 2459 1871; x_wconf 93' lang='lat'><strong>.</strong></span> 
     </span>
    </p>

    <p class='ocr_par' dir='ltr' id='par_1_9' title="bbox 529 1906 2764 2305">
     <span class='ocr_line' id='line_1_15' title="bbox 619 1906 2764 1997; baseline 0 -23.013"><span class='ocrx_word' id='word_1_82' title='bbox 619 1909 713 1973; x_wconf 86' lang='lat' dir='ltr'><em>V</em></span> <span class='ocrx_word' id='word_1_83' title='bbox 703 1906 868 1979; x_wconf 78' lang='lat' dir='ltr'><strong>olcoe</strong></span> <span class='ocrx_word' id='word_1_84' title='bbox 936 1912 1262 1997; x_wconf 86' lang='lat' dir='ltr'><strong>Duplices</strong></span> <span class='ocrx_word' id='word_1_85' title='bbox 1289 1918 1459 1978; x_wconf 88' lang='lat' dir='ltr'><strong>sunt.</strong></span> <span class='ocrx_word' id='word_1_86' title='bbox 1532 1912 1771 1979; x_wconf 76' lang='lat' dir='ltr'><strong>Volcae</strong></span> <span class='ocrx_word' id='word_1_87' title='bbox 1800 1909 2203 1991; x_wconf 80' lang='lat' dir='ltr'><strong>Arecomici,</strong></span> <span class='ocrx_word' id='word_1_88' title='bbox 2244 1911 2313 1978; x_wconf 88' lang='lat' dir='ltr'><strong>in</strong></span> <span class='ocrx_word' id='word_1_89' title='bbox 2336 1911 2588 1995; x_wconf 88' lang='lat' dir='ltr'><strong>quibus</strong></span> <span class='ocrx_word' id='word_1_90' title='bbox 2610 1909 2764 1976; x_wconf 78' lang='lat' dir='ltr'><strong>²Ne·</strong></span> 
     </span>
     <span class='ocr_line' id='line_1_16' title="bbox 551 2012 2763 2096; baseline -0.001 -15"><span class='ocrx_word' id='word_1_91' title='bbox 551 2035 845 2094; x_wconf 86' lang='lat' dir='ltr'><strong>mausus,</strong></span> <span class='ocrx_word' id='word_1_92' title='bbox 877 2015 1270 2093; x_wconf 82' lang='lat' dir='ltr'><strong>Ucetenses,</strong></span> <span class='ocrx_word' id='word_1_93' title='bbox 1333 2012 1873 2096; x_wconf 82' lang='lat' dir='ltr'><strong>Magalonenses,</strong></span> <span class='ocrx_word' id='word_1_94' title='bbox 1918 2015 2241 2082; x_wconf 78' lang='lat' dir='ltr'><strong>Bitierroe.</strong></span> <span class='ocrx_word' id='word_1_95' title='bbox 2319 2013 2564 2080; x_wconf 78' lang='lat' dir='ltr'><strong>Volcae</strong></span> <span class='ocrx_word' id='word_1_96' title='bbox 2594 2014 2763 2079; x_wconf 84' lang='lat' dir='ltr'><strong>Tec-</strong></span> 
     </span>
     <span class='ocr_line' id='line_1_17' title="bbox 533 2110 2763 2202; baseline -0.001 -17.995"><span class='ocrx_word' id='word_1_97' title='bbox 533 2125 840 2201; x_wconf 72' lang='lat' dir='ltr'><strong>³tosageS,</strong></span> <span class='ocrx_word' id='word_1_98' title='bbox 867 2117 936 2180; x_wconf 87' lang='lat' dir='ltr'><strong>in</strong></span> <span class='ocrx_word' id='word_1_99' title='bbox 966 2117 1209 2202; x_wconf 87' lang='lat' dir='ltr'><strong>quibus</strong></span> <span class='ocrx_word' id='word_1_100' title='bbox 1246 2110 1608 2195; x_wconf 82' lang='lat' dir='ltr'><strong>Carcasso,</strong></span> <span class='ocrx_word' id='word_1_101' title='bbox 1636 2121 1719 2181; x_wconf 88' lang='lat' dir='ltr'><strong>et</strong></span> <span class='ocrx_word' id='word_1_102' title='bbox 1730 2115 2006 2181; x_wconf 80' lang='lat' dir='ltr'><strong>Tolosa.</strong></span> <span class='ocrx_word' id='word_1_103' title='bbox 2064 2115 2147 2181; x_wconf 88' lang='lat' dir='ltr'><strong>In</strong></span> <span class='ocrx_word' id='word_1_104' title='bbox 2186 2114 2458 2182; x_wconf 82' lang='lat' dir='ltr'><strong>Caesare</strong></span> <span class='ocrx_word' id='word_1_105' title='bbox 2494 2115 2763 2182; x_wconf 78' lang='lat' dir='ltr'><strong>editum</strong></span> 
     </span>
     <span class='ocr_line' id='line_1_18' title="bbox 529 2215 2317 2305; baseline -0.002 -18"><span class='ocrx_word' id='word_1_106' title='bbox 529 2226 660 2287; x_wconf 64' lang='lat' dir='ltr'><strong>¹est</strong></span> <span class='ocrx_word' id='word_1_107' title='bbox 693 2215 758 2280; x_wconf 88' lang='lat' dir='ltr'><em>V</em></span> <span class='ocrx_word' id='word_1_108' title='bbox 750 2217 927 2305; x_wconf 82' lang='lat' dir='ltr'><strong>olgoe</strong></span> <span class='ocrx_word' id='word_1_109' title='bbox 957 2228 1032 2285; x_wconf 89' lang='lat' dir='ltr'><strong>ut</strong></span> <span class='ocrx_word' id='word_1_110' title='bbox 1057 2220 1171 2284; x_wconf 88' lang='lat' dir='ltr'><strong>et</strong></span> <span class='ocrx_word' id='word_1_111' title='bbox 1151 2239 1222 2283; x_wconf 89' lang='grc' dir='ltr'><strong>ιιι</strong></span> <span class='ocrx_word' id='word_1_112' title='bbox 1243 2218 1643 2302; x_wconf 85' lang='lat' dir='ltr'><strong>quibusdam</strong></span> <span class='ocrx_word' id='word_1_113' title='bbox 1672 2218 1830 2284; x_wconf 84' lang='lat' dir='ltr'><strong>aliis</strong></span> <span class='ocrx_word' id='word_1_114' title='bbox 1858 2219 2317 2303; x_wconf 81' lang='lat' dir='ltr'><strong>scriptoribus.</strong></span> 
     </span>
    </p>

    <p class='ocr_par' dir='ltr' id='par_1_10' title="bbox 521 2314 2771 3837">
     <span class='ocr_line' id='line_1_19' title="bbox 647 2314 2766 2404; baseline -0 -18"><span class='ocrx_word' id='word_1_115' title='bbox 647 2314 1123 2386; x_wconf 75' lang='lat' dir='ltr'><strong>Uxellodunum.</strong></span> <span class='ocrx_word' id='word_1_116' title='bbox 1190 2321 1455 2386; x_wconf 89' lang='lat' dir='ltr'><strong>Nomen</strong></span> <span class='ocrx_word' id='word_1_117' title='bbox 1469 2321 1729 2397; x_wconf 85' lang='lat' dir='ltr'><strong>retinet,</strong></span> <span class='ocrx_word' id='word_1_118' title='bbox 1757 2316 2085 2399; x_wconf 74' lang='lat' dir='ltr'><strong>Ussoldun,</strong></span> <span class='ocrx_word' id='word_1_119' title='bbox 2105 2326 2175 2386; x_wconf 90' lang='lat' dir='ltr'><strong>et</strong></span> <span class='ocrx_word' id='word_1_120' title='bbox 2190 2317 2250 2384; x_wconf 88' lang='lat' dir='ltr'><strong>lo</strong></span> <span class='ocrx_word' id='word_1_121' title='bbox 2267 2319 2468 2404; x_wconf 74' lang='lat' dir='ltr'><strong>puech</strong></span> <span class='ocrx_word' id='word_1_122' title='bbox 2486 2318 2552 2383; x_wconf 82' lang='lat' dir='ltr'><strong>d’</strong></span> <span class='ocrx_word' id='word_1_123' title='bbox 2563 2318 2766 2387; x_wconf 63' lang='lat' dir='ltr'><strong>Ursol-</strong></span> 
     </span>
     <span class='ocr_line' id='line_1_20' title="bbox 529 2422 2765 2512; baseline 0.001 -22"><span class='ocrx_word' id='word_1_124' title='bbox 529 2423 705 2506; x_wconf 81' lang='lat' dir='ltr'><strong>·dun,</strong></span> <span class='ocrx_word' id='word_1_125' title='bbox 732 2425 804 2492; x_wconf 88' lang='lat' dir='ltr'><strong>id</strong></span> <span class='ocrx_word' id='word_1_126' title='bbox 825 2431 932 2492; x_wconf 86' lang='lat' dir='ltr'><strong>est</strong></span> <span class='ocrx_word' id='word_1_127' title='bbox 949 2425 1225 2512; x_wconf 86' lang='lat' dir='ltr'><strong>podium</strong></span> <span class='ocrx_word' id='word_1_128' title='bbox 1253 2422 1698 2490; x_wconf 82' lang='lat' dir='ltr'><strong>Uxelloduni:</strong></span> <span class='ocrx_word' id='word_1_129' title='bbox 1729 2425 1891 2510; x_wconf 89' lang='lat' dir='ltr'><strong>quia</strong></span> <span class='ocrx_word' id='word_1_130' title='bbox 1912 2425 2064 2492; x_wconf 87' lang='lat' dir='ltr'><strong>est</strong></span> <span class='ocrx_word' id='word_1_131' title='bbox 2045 2443 2111 2490; x_wconf 90' lang='grc' dir='ltr'><strong>ιιι</strong></span> <span class='ocrx_word' id='word_1_132' title='bbox 2135 2424 2503 2490; x_wconf 88' lang='lat' dir='ltr'><strong>editissimo</strong></span> <span class='ocrx_word' id='word_1_133' title='bbox 2532 2430 2603 2492; x_wconf 90' lang='lat' dir='ltr'><strong>et</strong></span> <span class='ocrx_word' id='word_1_134' title='bbox 2630 2425 2765 2492; x_wconf 80' lang='lat' dir='ltr'><strong>val-</strong></span> 
     </span>
     <span class='ocr_line' id='line_1_21' title="bbox 529 2519 2764 2614; baseline -0 -20"><span class='ocrx_word' id='word_1_135' title='bbox 529 2519 637 2594; x_wconf 76' lang='lat' dir='ltr'><strong>Ide</strong></span> <span class='ocrx_word' id='word_1_136' title='bbox 659 2535 1003 2614; x_wconf 84' lang='lat' dir='ltr'><strong>praerupto</strong></span> <span class='ocrx_word' id='word_1_137' title='bbox 1046 2531 1201 2596; x_wconf 94' lang='lat' dir='ltr'><strong>loco</strong></span> <span class='ocrx_word' id='word_1_138' title='bbox 1227 2530 1448 2594; x_wconf 77' lang='lat' dir='ltr'><strong>situm.</strong></span> <span class='ocrx_word' id='word_1_139' title='bbox 1505 2527 1752 2593; x_wconf 70' lang='lat' dir='ltr'><strong>Locus</strong></span> <span class='ocrx_word' id='word_1_140' title='bbox 1775 2533 1875 2593; x_wconf 86' lang='lat' dir='ltr'><strong>est</strong></span> <span class='ocrx_word' id='word_1_141' title='bbox 1904 2529 1976 2593; x_wconf 91' lang='lat' dir='ltr'><strong>in</strong></span> <span class='ocrx_word' id='word_1_142' title='bbox 2015 2527 2256 2592; x_wconf 88' lang='lat' dir='ltr'><strong>finibus</strong></span> <span class='ocrx_word' id='word_1_143' title='bbox 2284 2526 2764 2607; x_wconf 80' lang='lat' dir='ltr'><strong>Cadurcorum,</strong></span> 
     </span>
     <span class='ocr_line' id='line_1_22' title="bbox 525 2628 2767 2718; baseline 0 -22"><span class='ocrx_word' id='word_1_144' title='bbox 525 2636 624 2697; x_wconf 86' lang='lat' dir='ltr'><strong>·ut</strong></span> <span class='ocrx_word' id='word_1_145' title='bbox 668 2630 901 2699; x_wconf 82' lang='lat' dir='ltr'><strong>Caesar</strong></span> <span class='ocrx_word' id='word_1_146' title='bbox 928 2654 1192 2718; x_wconf 87' lang='lat' dir='ltr'><strong>quoque</strong></span> <span class='ocrx_word' id='word_1_147' title='bbox 1234 2636 1440 2709; x_wconf 86' lang='lat' dir='ltr'><strong>notat,</strong></span> <span class='ocrx_word' id='word_1_148' title='bbox 1490 2651 1702 2717; x_wconf 87' lang='lat' dir='ltr'><strong>prope</strong></span> <span class='ocrx_word' id='word_1_149' title='bbox 1736 2631 2079 2715; x_wconf 74' lang='lat' dir='ltr'><strong>oppidum</strong></span> <span class='ocrx_word' id='word_1_150' title='bbox 2119 2628 2525 2696; x_wconf 72' lang='lat' dir='ltr'><strong>Man-tellum.</strong></span> <span class='ocrx_word' id='word_1_151' title='bbox 2614 2630 2767 2697; x_wconf 87' lang='lat' dir='ltr'><strong>Flu-</strong></span> 
     </span>
     <span class='ocr_line' id='line_1_23' title="bbox 551 2732 2767 2820; baseline 0.002 -23"><span class='ocrx_word' id='word_1_152' title='bbox 551 2753 727 2811; x_wconf 87' lang='lat' dir='ltr'><strong>men,</strong></span> <span class='ocrx_word' id='word_1_153' title='bbox 760 2736 955 2820; x_wconf 89' lang='lat' dir='ltr'><strong>cujus</strong></span> <span class='ocrx_word' id='word_1_154' title='bbox 980 2755 1216 2801; x_wconf 83' lang='lat' dir='ltr'><strong>nomen</strong></span> <span class='ocrx_word' id='word_1_155' title='bbox 1262 2735 1473 2801; x_wconf 88' lang='lat' dir='ltr'><strong>tacuit</strong></span> <span class='ocrx_word' id='word_1_156' title='bbox 1502 2732 1759 2812; x_wconf 84' lang='lat' dir='ltr'><strong>Caesar,</strong></span> <span class='ocrx_word' id='word_1_157' title='bbox 1790 2739 1896 2799; x_wconf 86' lang='lat' dir='ltr'><strong>est</strong></span> <span class='ocrx_word' id='word_1_158' title='bbox 1945 2733 2324 2799; x_wconf 85' lang='lat' dir='ltr'><strong>Dordonia:</strong></span> <span class='ocrx_word' id='word_1_159' title='bbox 2368 2734 2767 2801; x_wconf 88' lang='lat' dir='ltr'><strong>horrendum</strong></span> 
     </span>
     <span class='ocr_line' id='line_1_24' title="bbox 528 2834 2765 2921; baseline 0.004 -27"><span class='ocrx_word' id='word_1_160' title='bbox 528 2839 831 2917; x_wconf 78' lang='lat' dir='ltr'><strong>‚aspectu</strong></span> <span class='ocrx_word' id='word_1_161' title='bbox 868 2837 1339 2919; x_wconf 76' lang='lat' dir='ltr'><strong>praecipitium,</strong></span> <span class='ocrx_word' id='word_1_162' title='bbox 1383 2835 1578 2921; x_wconf 87' lang='lat' dir='ltr'><strong>quale</strong></span> <span class='ocrx_word' id='word_1_163' title='bbox 1620 2835 2014 2901; x_wconf 85' lang='lat' dir='ltr'><strong>describitur</strong></span> <span class='ocrx_word' id='word_1_164' title='bbox 2054 2855 2100 2900; x_wconf 91' lang='lat' dir='ltr'><strong>a</strong></span> <span class='ocrx_word' id='word_1_165' title='bbox 2137 2834 2434 2901; x_wconf 71' lang='lat' dir='ltr'><strong>Caesm.</strong></span> <span class='ocrx_word' id='word_1_166' title='bbox 2526 2834 2765 2904; x_wconf 65' lang='lat' dir='ltr'><strong>Multa</strong></span> 
     </span>
     <span class='ocr_line' id='line_1_25' title="bbox 551 2936 2770 3021; baseline 0.002 -20"><span class='ocrx_word' id='word_1_167' title='bbox 551 2941 706 3001; x_wconf 91' lang='lat' dir='ltr'><strong>sunt</strong></span> <span class='ocrx_word' id='word_1_168' title='bbox 730 2936 824 2999; x_wconf 89' lang='lat' dir='ltr'><strong>ibi</strong></span> <span class='ocrx_word' id='word_1_169' title='bbox 853 2938 1146 3021; x_wconf 73' lang='lat' dir='ltr'><strong>reliquiae</strong></span> <span class='ocrx_word' id='word_1_170' title='bbox 1175 2936 1531 3003; x_wconf 83' lang='lat' dir='ltr'><strong>vetustatis</strong></span> <span class='ocrx_word' id='word_1_171' title='bbox 1557 2937 1970 3004; x_wconf 61' lang='lat' dir='ltr'><strong>venerandae.</strong></span> <span class='ocrx_word' id='word_1_172' title='bbox 2058 2936 2379 3017; x_wconf 79' lang='lat' dir='ltr'><strong>Quotidie</strong></span> <span class='ocrx_word' id='word_1_173' title='bbox 2407 2939 2496 3003; x_wconf 90' lang='lat' dir='ltr'><strong>ab</strong></span> <span class='ocrx_word' id='word_1_174' title='bbox 2528 2943 2770 3006; x_wconf 81' lang='lat' dir='ltr'><strong>aranti-</strong></span> 
     </span>
     <span class='ocr_line' id='line_1_26' title="bbox 521 3037 2768 3124; baseline 0.002 -22"><span class='ocrx_word' id='word_1_175' title='bbox 521 3039 682 3102; x_wconf 89' lang='lat' dir='ltr'><strong>-bus</strong></span> <span class='ocrx_word' id='word_1_176' title='bbox 709 3037 1113 3103; x_wconf 77' lang='lat' dir='ltr'><strong>numismata</strong></span> <span class='ocrx_word' id='word_1_177' title='bbox 1127 3038 1438 3103; x_wconf 82' lang='lat' dir='ltr'><strong>Romana</strong></span> <span class='ocrx_word' id='word_1_178' title='bbox 1463 3037 1876 3105; x_wconf 70' lang='lat' dir='ltr'><strong>effodiuntur.</strong></span> <span class='ocrx_word' id='word_1_179' title='bbox 1943 3038 2079 3104; x_wconf 85' lang='lat' dir='ltr'><strong>Vix</strong></span> <span class='ocrx_word' id='word_1_180' title='bbox 2102 3042 2394 3124; x_wconf 85' lang='lat' dir='ltr'><strong>reperias</strong></span> <span class='ocrx_word' id='word_1_181' title='bbox 2420 3041 2768 3124; x_wconf 87' lang='lat' dir='ltr'><strong>rusticum,</strong></span> 
     </span>
     <span class='ocr_line' id='line_1_27' title="bbox 555 3139 2771 3227; baseline 0.002 -22"><span class='ocrx_word' id='word_1_182' title='bbox 555 3139 670 3223; x_wconf 87' lang='lat' dir='ltr'><strong>qui</strong></span> <span class='ocrx_word' id='word_1_183' title='bbox 712 3139 795 3204; x_wconf 88' lang='lat' dir='ltr'><strong>de</strong></span> <span class='ocrx_word' id='word_1_184' title='bbox 835 3139 992 3205; x_wconf 93' lang='lat' dir='ltr'><strong>loco</strong></span> <span class='ocrx_word' id='word_1_185' title='bbox 1038 3141 1495 3223; x_wconf 85' lang='lat' dir='ltr'><strong>interrogatus,</strong></span> <span class='ocrx_word' id='word_1_186' title='bbox 1541 3160 1676 3205; x_wconf 90' lang='lat' dir='ltr'><strong>non</strong></span> <span class='ocrx_word' id='word_1_187' title='bbox 1714 3145 1938 3209; x_wconf 85' lang='lat' dir='ltr'><strong>statim</strong></span> <span class='ocrx_word' id='word_1_188' title='bbox 1978 3143 2411 3227; x_wconf 84' lang='lat' dir='ltr'><strong>respondeat:</strong></span> <span class='ocrx_word' id='word_1_189' title='bbox 2458 3141 2771 3210; x_wconf 85' lang='lat' dir='ltr'><strong>Castrum</strong></span> 
     </span>
     <span class='ocr_line' id='line_1_28' title="bbox 552 3242 2770 3331; baseline 0.002 -23"><span class='ocrx_word' id='word_1_190' title='bbox 552 3242 1049 3309; x_wconf 73' lang='lat' dir='ltr'><strong>Uxellodunum</strong></span> <span class='ocrx_word' id='word_1_191' title='bbox 1080 3244 1246 3310; x_wconf 87' lang='lat' dir='ltr'><strong>illud</strong></span> <span class='ocrx_word' id='word_1_192' title='bbox 1277 3263 1322 3309; x_wconf 97' lang='lat' dir='ltr'><strong>a</strong></span> <span class='ocrx_word' id='word_1_193' title='bbox 1350 3242 1618 3310; x_wconf 81' lang='lat' dir='ltr'><strong>Caesare</strong></span> <span class='ocrx_word' id='word_1_194' title='bbox 1658 3248 1914 3331; x_wconf 82' lang='lat' dir='ltr'><strong>magnis</strong></span> <span class='ocrx_word' id='word_1_195' title='bbox 1950 3246 2264 3330; x_wconf 87' lang='lat' dir='ltr'><strong>operibus</strong></span> <span class='ocrx_word' id='word_1_196' title='bbox 2300 3253 2770 3331; x_wconf 81' lang='lat' dir='ltr'><strong>expugnatum</strong></span> 
     </span>
     <span class='ocr_line' id='line_1_29' title="bbox 549 3344 2771 3435; baseline 0.002 -25"><span class='ocrx_word' id='word_1_197' title='bbox 549 3344 783 3412; x_wconf 84' lang='lat' dir='ltr'><strong>fuisse.</strong></span> <span class='ocrx_word' id='word_1_198' title='bbox 872 3345 1208 3413; x_wconf 76' lang='lat' dir='ltr'><strong>Praeterea</strong></span> <span class='ocrx_word' id='word_1_199' title='bbox 1253 3346 1611 3413; x_wconf 84' lang='lat' dir='ltr'><strong>ostendunt</strong></span> <span class='ocrx_word' id='word_1_200' title='bbox 1650 3349 1925 3428; x_wconf 81' lang='lat' dir='ltr'><strong>fontem,</strong></span> <span class='ocrx_word' id='word_1_201' title='bbox 1976 3350 2170 3435; x_wconf 87' lang='lat' dir='ltr'><strong>cujus</strong></span> <span class='ocrx_word' id='word_1_202' title='bbox 2217 3367 2415 3413; x_wconf 88' lang='lat' dir='ltr'><strong>usum</strong></span> <span class='ocrx_word' id='word_1_203' title='bbox 2469 3350 2771 3415; x_wconf 83' lang='lat' dir='ltr'><strong>obsessis</strong></span> 
     </span>
     <span class='ocr_line' id='line_1_30' title="bbox 521 3447 2771 3537; baseline 0.002 -25"><span class='ocrx_word' id='word_1_204' title='bbox 521 3447 1047 3516; x_wconf 75' lang='lat' dir='ltr'><strong>&#39;intercluserunt</strong></span> <span class='ocrx_word' id='word_1_205' title='bbox 1075 3447 1391 3516; x_wconf 82' lang='lat' dir='ltr'><strong>Romani.</strong></span> <span class='ocrx_word' id='word_1_206' title='bbox 1479 3450 1557 3514; x_wconf 90' lang='lat' dir='ltr'><strong>Si</strong></span> <span class='ocrx_word' id='word_1_207' title='bbox 1598 3451 1869 3534; x_wconf 82' lang='lat' dir='ltr'><strong>uspiam</strong></span> <span class='ocrx_word' id='word_1_208' title='bbox 1914 3452 2270 3535; x_wconf 82' lang='lat' dir='ltr'><strong>scriptores</strong></span> <span class='ocrx_word' id='word_1_209' title='bbox 2296 3450 2493 3537; x_wconf 87' lang='lat' dir='ltr'><strong>hujus</strong></span> <span class='ocrx_word' id='word_1_210' title='bbox 2538 3453 2675 3518; x_wconf 67' lang='lat' dir='ltr'><strong>mvi</strong></span> <span class='ocrx_word' id='word_1_211' title='bbox 2704 3453 2771 3516; x_wconf 90' lang='lat' dir='ltr'><strong>in</strong></span> 
     </span>
     <span class='ocr_line' id='line_1_31' title="bbox 547 3550 2768 3636; baseline 0.003 -24"><span class='ocrx_word' id='word_1_212' title='bbox 547 3550 857 3615; x_wconf 87' lang='lat' dir='ltr'><strong>notandis</strong></span> <span class='ocrx_word' id='word_1_213' title='bbox 886 3560 1175 3631; x_wconf 77' lang='lat' dir='ltr'><strong>veterum</strong></span> <span class='ocrx_word' id='word_1_214' title='bbox 1203 3553 1501 3617; x_wconf 89' lang='lat' dir='ltr'><strong>locorum</strong></span> <span class='ocrx_word' id='word_1_215' title='bbox 1530 3552 2093 3636; x_wconf 81' lang='lat' dir='ltr'><strong>appellationibus</strong></span> <span class='ocrx_word' id='word_1_216' title='bbox 2120 3552 2433 3617; x_wconf 88' lang='lat' dir='ltr'><strong>hariolati</strong></span> <span class='ocrx_word' id='word_1_217' title='bbox 2460 3558 2639 3632; x_wconf 85' lang='lat' dir='ltr'><strong>sunt,</strong></span> <span class='ocrx_word' id='word_1_218' title='bbox 2660 3554 2768 3618; x_wconf 66' lang='lat' dir='ltr'><strong>h‘m</strong></span> 
     </span>
     <span class='ocr_line' id='line_1_32' title="bbox 552 3654 2771 3746; baseline 0.003 -33"><span class='ocrx_word' id='word_1_219' title='bbox 552 3669 710 3714; x_wconf 81' lang='lat' dir='ltr'><strong>vero</strong></span> <span class='ocrx_word' id='word_1_220' title='bbox 738 3673 908 3716; x_wconf 88' lang='lat' dir='ltr'><strong>unus</strong></span> <span class='ocrx_word' id='word_1_221' title='bbox 937 3654 1122 3720; x_wconf 90' lang='lat' dir='ltr'><strong>locus</strong></span> <span class='ocrx_word' id='word_1_222' title='bbox 1162 3663 1286 3733; x_wconf 86' lang='lat' dir='ltr'><strong>est,</strong></span> <span class='ocrx_word' id='word_1_223' title='bbox 1317 3656 1386 3719; x_wconf 91' lang='lat' dir='ltr'><strong>in</strong></span> <span class='ocrx_word' id='word_1_224' title='bbox 1412 3675 1547 3739; x_wconf 89' lang='lat' dir='ltr'><strong>quo</strong></span> <span class='ocrx_word' id='word_1_225' title='bbox 1581 3655 1821 3720; x_wconf 87' lang='lat' dir='ltr'><strong>melius</strong></span> <span class='ocrx_word' id='word_1_226' title='bbox 1865 3655 2101 3720; x_wconf 84' lang='lat' dir='ltr'><strong>suisset</strong></span> <span class='ocrx_word' id='word_1_227' title='bbox 2128 3655 2282 3719; x_wconf 89' lang='lat' dir='ltr'><strong>illos</strong></span> <span class='ocrx_word' id='word_1_228' title='bbox 2313 3654 2645 3746; x_wconf 83' lang='lat' dir='ltr'><strong>tacuisse.</strong></span> <span class='ocrx_word' id='word_1_229' title='bbox 2684 3660 2771 3720; x_wconf 82' lang='lat' dir='ltr'><strong>et</strong></span> 
     </span>
     <span class='ocr_line' id='line_1_33' title="bbox 553 3751 1772 3837; baseline 0.005 -21"><span class='ocrx_word' id='word_1_230' title='bbox 553 3751 715 3835; x_wconf 88' lang='lat' dir='ltr'><strong>quid</strong></span> <span class='ocrx_word' id='word_1_231' title='bbox 743 3773 914 3837; x_wconf 89' lang='lat' dir='ltr'><strong>opus</strong></span> <span class='ocrx_word' id='word_1_232' title='bbox 942 3775 1169 3820; x_wconf 89' lang='lat' dir='ltr'><strong>eorum</strong></span> <span class='ocrx_word' id='word_1_233' title='bbox 1195 3759 1456 3821; x_wconf 89' lang='lat' dir='ltr'><strong>somnia</strong></span> <span class='ocrx_word' id='word_1_234' title='bbox 1482 3758 1721 3822; x_wconf 80' lang='lat' dir='ltr'><strong>referre</strong></span> <span class='ocrx_word' id='word_1_235' title='bbox 1742 3759 1772 3821; x_wconf 72' lang='lat' dir='ltr'><strong>‘l</strong></span> 
     </span>
    </p>

    <p class='ocr_par' dir='ltr' id='par_1_11' title="bbox 555 3853 2768 4046">
     <span class='ocr_line' id='line_1_34' title="bbox 641 3853 2768 3944; baseline 0.001 -25"><span class='ocrx_word' id='word_1_236' title='bbox 641 3853 819 3920; x_wconf 86' lang='lat' dir='ltr'><strong>Haec</strong></span> <span class='ocrx_word' id='word_1_237' title='bbox 863 3859 1169 3938; x_wconf 76' lang='lat' dir='ltr'><strong>pauxilla</strong></span> <span class='ocrx_word' id='word_1_238' title='bbox 1212 3860 1295 3923; x_wconf 85' lang='lat' dir='ltr'><strong>de</strong></span> <span class='ocrx_word' id='word_1_239' title='bbox 1334 3859 1887 3943; x_wconf 82' lang='lat' dir='ltr'><strong>appellationibus</strong></span> <span class='ocrx_word' id='word_1_240' title='bbox 1924 3860 2221 3926; x_wconf 90' lang='lat' dir='ltr'><strong>locorum</strong></span> <span class='ocrx_word' id='word_1_241' title='bbox 2263 3865 2328 3924; x_wconf 86' lang='lat' dir='ltr'><strong>et</strong></span> <span class='ocrx_word' id='word_1_242' title='bbox 2370 3860 2665 3944; x_wconf 83' lang='lat' dir='ltr'><strong>gentium</strong></span> <span class='ocrx_word' id='word_1_243' title='bbox 2701 3860 2768 3924; x_wconf 89' lang='lat' dir='ltr'><strong>in</strong></span> 
     </span>
     <span class='ocr_line' id='line_1_35' title="bbox 555 3953 2769 4046; baseline 0.003 -26"><span class='ocrx_word' id='word_1_244' title='bbox 555 3953 826 4022; x_wconf 83' lang='lat' dir='ltr'><strong>Caesare</strong></span> <span class='ocrx_word' id='word_1_245' title='bbox 843 3957 1304 4025; x_wconf 86' lang='lat' dir='ltr'><strong>delibavimus.</strong></span> <span class='ocrx_word' id='word_1_246' title='bbox 1396 3961 1578 4025; x_wconf 87' lang='lat' dir='ltr'><strong>Nam</strong></span> <span class='ocrx_word' id='word_1_247' title='bbox 1609 3981 2049 4046; x_wconf 76' lang='lat' dir='ltr'><strong>quaecumque</strong></span> <span class='ocrx_word' id='word_1_248' title='bbox 2077 3961 2452 4039; x_wconf 76' lang='lat' dir='ltr'><strong>omisimus,</strong></span> <span class='ocrx_word' id='word_1_249' title='bbox 2482 3960 2769 4027; x_wconf 87' lang='lat' dir='ltr'><strong>adeoin·</strong></span> 
     </span>
    </p>

    <p class='ocr_par' dir='ltr' id='par_1_12' title="bbox 515 4057 2766 4250">
     <span class='ocr_line' id='line_1_36' title="bbox 517 4057 2766 4147; baseline 0.002 -26"><span class='ocrx_word' id='word_1_250' title='bbox 517 4097 532 4114; x_wconf 50' lang='grc' dir='ltr'><strong>ι</strong></span> <span class='ocrx_word' id='word_1_251' title='bbox 551 4057 903 4141; x_wconf 84' lang='lat' dir='ltr'><strong>explorata</strong></span> <span class='ocrx_word' id='word_1_252' title='bbox 944 4066 1112 4138; x_wconf 88' lang='lat' dir='ltr'><strong>sunt,</strong></span> <span class='ocrx_word' id='word_1_253' title='bbox 1161 4069 1239 4126; x_wconf 89' lang='lat' dir='ltr'><strong>ut</strong></span> <span class='ocrx_word' id='word_1_254' title='bbox 1276 4068 1529 4126; x_wconf 89' lang='lat' dir='ltr'><strong>tantum</strong></span> <span class='ocrx_word' id='word_1_255' title='bbox 1580 4065 1796 4140; x_wconf 84' lang='lat' dir='ltr'><strong>abest,</strong></span> <span class='ocrx_word' id='word_1_256' title='bbox 1825 4082 1909 4127; x_wconf 89' lang='lat' dir='ltr'><strong>ea</strong></span> <span class='ocrx_word' id='word_1_257' title='bbox 1949 4082 2107 4128; x_wconf 82' lang='lat' dir='ltr'><strong>vere</strong></span> <span class='ocrx_word' id='word_1_258' title='bbox 2147 4064 2501 4142; x_wconf 88' lang='lat' dir='ltr'><strong>retulerint,</strong></span> <span class='ocrx_word' id='word_1_259' title='bbox 2529 4064 2646 4147; x_wconf 90' lang='lat' dir='ltr'><strong>qui</strong></span> <span class='ocrx_word' id='word_1_260' title='bbox 2681 4062 2766 4128; x_wconf 85' lang='lat' dir='ltr'><strong>de</strong></span> 
     </span>
     <span class='ocr_line' id='line_1_37' title="bbox 515 4157 2765 4250; baseline 0.001 -23"><span class='ocrx_word' id='word_1_261' title='bbox 515 4205 534 4227; x_wconf 51' lang='grc' dir='ltr'><strong>ι</strong></span> <span class='ocrx_word' id='word_1_262' title='bbox 551 4157 687 4223; x_wconf 86' lang='lat' dir='ltr'><strong>illis</strong></span> <span class='ocrx_word' id='word_1_263' title='bbox 717 4162 1147 4246; x_wconf 85' lang='lat' dir='ltr'><strong>scripserunt,</strong></span> <span class='ocrx_word' id='word_1_264' title='bbox 1177 4172 1252 4229; x_wconf 90' lang='lat' dir='ltr'><strong>ut</strong></span> <span class='ocrx_word' id='word_1_265' title='bbox 1290 4165 1453 4228; x_wconf 88' lang='lat' dir='ltr'><strong>mihi</strong></span> <span class='ocrx_word' id='word_1_266' title='bbox 1481 4172 1734 4231; x_wconf 87' lang='lat' dir='ltr'><strong>constet</strong></span> <span class='ocrx_word' id='word_1_267' title='bbox 1759 4166 2007 4230; x_wconf 91' lang='lat' dir='ltr'><strong>nullam</strong></span> <span class='ocrx_word' id='word_1_268' title='bbox 2034 4186 2221 4250; x_wconf 88' lang='lat' dir='ltr'><strong>spem</strong></span> <span class='ocrx_word' id='word_1_269' title='bbox 2251 4186 2400 4231; x_wconf 84' lang='lat' dir='ltr'><strong>esse</strong></span> <span class='ocrx_word' id='word_1_270' title='bbox 2429 4164 2518 4229; x_wconf 87' lang='lat' dir='ltr'><strong>ad</strong></span> <span class='ocrx_word' id='word_1_271' title='bbox 2540 4183 2765 4231; x_wconf 77' lang='lat' dir='ltr'><strong>eorum</strong></span> 
     </span>
    </p>
   </div>
   <div class='ocr_carea' id='block_1_3' title="bbox 551 4259 2762 4355">
    <p class='ocr_par' dir='ltr' id='par_1_13' title="bbox 551 4259 2762 4355">
     <span class='ocr_line' id='line_1_38' title="bbox 551 4259 2762 4355; baseline 0.006 -30"><span class='ocrx_word' id='word_1_272' title='bbox 551 4259 1043 4347; x_wconf 84' lang='lat' dir='ltr'><strong>indagationem</strong></span> <span class='ocrx_word' id='word_1_273' title='bbox 1071 4266 1476 4351; x_wconf 66' lang='lat' dir='ltr'><strong>penetrandi.</strong></span> <span class='ocrx_word' id='word_1_274' title='bbox 1566 4266 1845 4347; x_wconf 82' lang='lat' dir='ltr'><strong>Quare</strong></span> <span class='ocrx_word' id='word_1_275' title='bbox 1824 4289 1895 4333; x_wconf 87' lang='grc' dir='ltr'><strong>ιιι</strong></span> <span class='ocrx_word' id='word_1_276' title='bbox 1932 4268 2156 4335; x_wconf 88' lang='lat' dir='ltr'><strong>medio</strong></span> <span class='ocrx_word' id='word_1_277' title='bbox 2179 4287 2263 4334; x_wconf 88' lang='lat' dir='ltr'><strong>ea</strong></span> <span class='ocrx_word' id='word_1_278' title='bbox 2309 4267 2762 4355; x_wconf 63' lang='lat' dir='ltr'><strong>relinquimus,</strong></span> 
     </span>
    </p>
   </div>
  </div>
 </body>
</html>
