3017 4925
475 364 650 435 1732
1119 381 1184 430 J.
1229 377 1443 429 cansr
1498 377 2037 428 comuni-tuan

472 532 882 596 exhortatione
920 530 1204 605 firmati„
1248 541 1310 594 et
1356 551 1618 613 pagum
1665 533 2041 593 veliementer
2093 529 2436 610 optantibus
2489 551 2688 595 eram-

470 631 653 711 pendi
680 631 909 710 signum
934 629 1122 693 dedit.
1205 629 1327 700 Qui
1368 651 1505 691 cum
1549 630 1751 691 subito
1793 641 2005 710 praeter
2045 649 2213 709 spem
2256 630 2510 692 hostium
2547 651 2686 692 eru-

472 729 716 809 pissent,
759 727 941 806 idque
982 727 1219 788 duabus
1258 726 1432 788 simul
1479 727 1689 807 portis,
1727 736 1790 788 et
1841 727 2054 788 virtute
2107 737 2286 806 atque
2325 729 2688 807 experientia

474 825 733 888 bellandi
758 834 821 886 et
866 833 1073 886 natura
1114 824 1235 885 loci
1286 835 1349 886 et
1394 824 1732 886 lassitudine
1773 824 2028 885 bostium
2060 823 2275 904 adjuti,
2319 825 2529 907 integri
2563 826 2686 907 ipsi

470 923 696 995 virium,
724 932 785 983 et
812 923 1011 1001 quiete
1037 921 1281 982 recreati
1310 921 1566 984 fundum
1592 922 1722 983 illos
1739 922 1917 984 facile
1943 932 2457 1002 prosternuntque.
2540 926 2684 995 Quo

472 1031 636 1082 metu
662 1040 785 1081 non
814 1020 996 1081 modo
1026 1020 1129 1101 qui
1167 1030 1476 1082 evaserant
1502 1041 1577 1081 ex
1604 1020 1852 1100 proeli03
1896 1021 1996 1081 sed
2040 1020 2212 1082 vicini
2250 1021 2428 1081 etiam
2459 1041 2522 1082 se
2563 1022 2687 1083 Ro·

469 1119 656 1184 manis
674 1117 979 1180 dedidere.
1047 1119 1197 1179 Sunt
1222 1118 1376 1178 enim
1406 1119 1566 1179 Galli
1587 1118 1858 1179 ineundis
1889 1118 2060 1179 bellis
2084 1119 2474 1199 promptiores
2501 1139 2684 1199 quani

468 1217 921 1279 adversitatibus
939 1214 1286 1278 tolerandis:
1309 1225 1372 1277 et
1398 1216 1554 1277 forte
1574 1217 1656 1277 ita
1677 1215 1921 1290 accidit,
1939 1227 2007 1278 ut
2033 1237 2149 1278 una
2167 1225 2231 1277 et
2256 1217 2463 1277 cadem
2486 1216 2602 1290 die,
2622 1227 2687 1279 et

464 1315 724 1376 Sabinus
780 1315 1050 1386 Caesaris,
1110 1323 1174 1374 et
1216 1315 1421 1375 Caesar
1468 1313 1669 1374 Sabini
1723 1314 2028 1376 victoriam
2074 1313 2324 1376 audiret.
2406 1314 2521 1376 Per
2573 1315 2684 1377 bos

464 1412 624 1491 ipsos
653 1413 779 1473 dies
810 1412 1055 1474 Publius
1074 1414 1320 1473 Crassus
1347 1412 1410 1472 in
1432 1411 1808 1490 Aquitaniam
1840 1412 2048 1473 missus
2070 1432 2104 1473 a
2133 1414 2383 1485 Caesare,
2410 1413 2683 1493 quamvis

463 1509 830 1581 adolescens,
880 1509 1159 1570 senilibus
1184 1508 1438 1569 animum
1468 1508 1785 1572 exercebat
1832 1509 2016 1569 curis:
2057 1517 2122 1570 et
2170 1529 2364 1569 secum
2411 1509 2683 1588 cogitans

465 1607 529 1667 in
559 1608 646 1668 bis
678 1608 844 1667 terris
870 1608 1053 1668 multa
1081 1606 1202 1666 illis
1242 1606 1411 1667 annis
1437 1605 1680 1666 adversa
1710 1607 1989 1667 Romanis
2016 1607 2326 1681 accidisse,
2356 1608 2540 1669 multa
2567 1606 2683 1668 sibi

465 1704 755 1766 utendum
771 1703 1080 1784 prudentia
1109 1703 1433 1772 sentiebat:
1478 1711 1777 1782 assumpta
1805 1703 1982 1782 igitur
2005 1704 2261 1783 primum
2289 1703 2682 1767 sollieitudine

459 1803 544 1864 nei
578 1802 972 1864 frumentariae
1000 1813 1181 1883 atque
1206 1801 1504 1881 equitatus
1533 1801 1939 1881 comparandi,
1969 1801 2134 1881 quod
2177 1822 2264 1862 εει·
2303 1811 2510 1880 gentes
2541 1804 2680 1882 pln-

456 1900 673 1961 timum
716 1921 789 1961 eo
836 1921 1049 1980 genere
1094 1898 1304 1960 virium
1333 1899 1559 1978 pollere
1605 1897 1979 1971 dicebantur,
2008 1899 2207 1960 multis
2249 1898 2573 1977 equitibus,
2617 1911 2684 1962 et

459 1996 802 2058 §ortior-ibus
856 1998 1010 2074 viris,
1064 1995 1386 2075 expressim
1424 1994 1692 2056 Tholosa
1730 2015 1805 2056 ac
1851 1996 2139 2057 Narbona
2181 1996 2385 2057 amicis
2431 1996 2679 2059 urbibus

456 2096 780 2165 accersitis,
825 2115 961 2155 cum
996 2096 1130 2174 jam
1157 2094 1360 2155 virium
1392 2093 1530 2154 satis
1567 2102 1724 2154 asset
1767 2095 2099 2154 sontiatum
2143 2093 2292 2154 fines
2331 2093 2678 2173 ingreditur.

456 2192 549 2253 nli
578 2201 775 2252 autem
816 2213 935 2252 non
976 2192 1241 2253 contenti
1287 2192 1516 2252 bostem
1560 2183 1925 2271 expectasse,
1961 2192 2252 2271 progressi
2282 2191 2539 2265 obviam,
2563 2189 2681 2253 ³⁴et

458 2288 780 2362 Romanos,
836 2291 975 2350 hinc
1029 2310 1235 2351 eorum
1280 2290 1662 2368 paucitatem,
1707 2289 1843 2350 hinc
1897 2289 2067 2349 ducis
2121 2297 2354 2349 aetatem
2410 2298 2680 2350 contem-

456 2396 681 2459 nentes,
740 2389 797 2447 in
854 2387 1064 2449 itinere
1102 2397 1241 2448 sunt
1292 2386 1601 2466 congressi.
1687 2383 1916 2467 ³⁷Soepe
1959 2396 2158 2447 antem
2201 2386 2260 2447 in
2313 2387 2675 2447 conmrium

460 2505 640 2558 versa,
660 2483 789 2567 [62]
820 2489 1121 2565 equitatus
1160 2506 1386 2557 eorum,
1427 2485 1723 2545 cui'unice
1769 2485 2053 2558 fidebant,
2085 2486 2358 2545 Romano
2406 2485 2681 2549 funditur

448 2583 763 2661 equitatu;
805 2585 1097 2664 caesisque
1127 2582 1574 2663 quamplurimis
1601 2582 1814 2643 eodem
1843 2583 2088 2662 impetu,
2135 2582 2383 2642 Crassus
2413 2581 2673 2644 bostium

448 2682 696 2760 opidum
737 2681 984 2753 invadit,
1016 2683 1381 2759 multamque
1410 2688 1548 2757 post
1587 2679 1974 2739 resistentiam
2027 2679 2181 2739 datis
2227 2678 2308 2738 ad
2345 2692 2673 2741 exn-emunt

450 2780 630 2838 armis
676 2790 734 2838 et
763 2778 1073 2837 obsidibus
1100 2797 1209 2856 per
1253 2776 1614 2837 deditionem
1661 2775 1841 2854 cepit.
1925 2778 2109 2836 Erant
2157 2786 2299 2836 tunc
2345 2775 2401 2835 in
2447 2777 2669 2851 Gallia,

448 2874 579 2954 (qui
608 2893 765 2934 nunc
796 2893 986 2954 neque
1034 2873 1118 2933 ibi
1164 2891 1358 2951 neque
1385 2869 1530 2931 alibi
1579 2890 1829 2950 nsquam
1874 2875 2035 2948 suut)
2071 2872 2336 2934 homines
2376 2882 2560 2935 tantm
2607 2875 2671 2937 in

448 2969 721 3031 amicitiis
753 2969 893 3030 fidei
918 2980 1222 3048 tantaeque
1249 2968 1622 3036 constantiae,
1652 2978 1720 3028 ut
1751 2988 1884 3028 cum
1914 2970 2000 3042 iis,
2023 2990 2275 3049 qnorum
2302 2991 2365 3031 se
2389 2971 2671 3032 amicitie

448 3066 900 3138 “devenissent,
927 3085 1158 3125 omnem
1201 3065 1395 3125 subire
1436 3062 1754 3139 fortunam,
1778 3076 1842 3126 et
1883 3065 1962 3127 ad
2001 3067 2275 3129 ultimum
2305 3068 2481 3129 etiam
2523 3070 2672 3129 moni

444 3164 683 3235 vellent,
712 3184 906 3243 neque
953 3174 1093 3242 post
1128 3183 1230 3223 eos
1279 3162 1463 3222 vitani
1514 3163 1696 3223 ullam
1743 3165 1874 3242 pati
1920 3174 2184 3244 possent,
2228 3165 2374 3245 quin
2423 3166 2473 3225 si
2516 3166 2669 3226 mori

444 3262 618 3322 aliter
643 3281 760 3322 non
802 3261 1061 3333 daretur,
1095 3269 1338 3321 mortem
1380 3261 1495 3321 sibi
1537 3260 1652 3339 ipsi
1679 3280 1857 3321 manu
1901 3263 2140 3342 propria
2187 3263 2666 3337 consciscerentg

440 3359 653 3420 mirum
682 3378 889 3438 genus,
918 3360 1166 3420 multum
1197 3358 1288 3418 bis
1315 3357 1634 3431 modernis,
1664 3359 1948 3419 amicitias
1989 3360 2241 3421 utilitate
2282 3360 2671 3422 ³⁹mentienti-

442 3456 579 3530 bus,
601 3457 943 3518 adversum:
995 3477 1189 3537 neque
1231 3457 1543 3536 quisquam
1581 3477 1655 3516 ex
1697 3478 1773 3518 eo
1799 3477 2046 3517 numero
2087 3458 2358 3517 inventus
2385 3477 2421 3518 a
2448 3458 2666 3519 seculis

440 3554 763 3627 ferebatur,
794 3556 894 3633 qui
943 3557 1058 3616 hoc
1114 3555 1311 3615 facere
1353 3555 1658 3627 renuisset,
1704 3556 1882 3635 vulgo
1936 3553 2240 3615 Soldurios
2299 3556 2666 3620 vocitabant.

441 3653 536 3712 Ex
590 3650 678 3710 bis
726 3653 837 3711 sibi
880 3663 1193 3714 sexcentos
1238 3653 1677 3714 ⁴0Adiaterinus
1716 3654 1992 3732 princeps
2029 3652 2218 3730 gentis
2263 3651 2568 3713 beneficiis
2604 3661 2668 3714 et

443 3746 564 3808 fide
611 3760 939 3828 paraverat.
1042 3752 1196 3812 Cum
1255 3752 1471 3831 quibus
1524 3753 1677 3812 inter
1722 3751 1913 3829 ipsam
1963 3748 2341 3821 deditionem,
2386 3770 2524 3827 qum
2575 3750 2665 3810 illi

441 3846 647 3925 utique
688 3865 807 3906 non
852 3848 1140 3925 placebat,
1171 3851 1538 3927 eruptionem
1572 3848 1632 3905 in
1690 3848 1993 3906 Romanos
2035 3845 2192 3917 fecit,
2221 3845 2306 3906 ita
2335 3856 2404 3906 nt
2445 3847 2665 3925 impro-

438 3944 610 4004 vidos
632 3964 786 4025 pene
813 3947 1115 4025 repentina
1141 3948 1364 4026 “spem
1394 3944 1750 4016 turbaveri13
1795 3945 1876 4004 sic
1904 3943 2104 4005 devoti
2131 3962 2335 4005 omnes
2377 3945 2556 4005 morti
2595 3944 2660 4004 ia

504 4186 570 4232 86
602 4182 905 4249 For-testum
927 4182 1304 4261 Romania-⁸⁷
1338 4182 1502 4246 Lege,
1543 4181 1788 4247 Spa-38
1822 4183 1998 4241 Forte,
2019 4182 2462 4233 amoenante-w
2497 4183 2660 4251 Lege,

432 4264 882 4317 menedimo—4⁰
917 4265 982 4315 ln
1027 4267 1162 4316 Caes.
1187 4265 1329 4315 libris
1371 4263 1568 4316 dicitur
1598 4266 2089 4317 Adcmmm.—÷41
2123 4265 2302 4331 Forte,
2337 4264 2530 4329 species.
