3017 4925
425 354 603 422 non
1074 369 1136 419 s.
1179 368 1391 418 casm
1439 368 1987 420 oonnnwunn

426 532 544 598 tur,
575 522 701 602 ipse
744 522 876 584 acie
901 522 1205 594 instructa,
1236 523 1401 602 equis
1440 532 1638 584 antem¹
1681 524 1955 584 omnibns
2003 543 2118 584 m
2162 522 2414 585 dimissis
2437 524 2648 594 inodo,-

428 621 529 682 soed
560 640 594 680 e
621 635 950 701 conspectu
993 621 1285 689 abductis,
1332 630 1397 680 ut
1425 621 1584 700 fugae
1614 640 1749 700 spes
1771 631 1972 700 erepta
1990 620 2022 653 ⁴*
2043 641 2295 700 spesque
2343 640 2452 700 par
2491 621 2648 704 peria

428 718 552 779 culi
577 721 768 779 o‘culis
786 720 1025 796 objecta
1056 739 1223 798 pares
1244 720 1469 778 animos
1498 719 1745 779 darent:
1778 719 1961 798 pedes
1989 720 2117 798 ipse
2143 739 2278 780 cum
2308 718 2640 796 legionibus

426 814 485 874 in
513 816 742 876 hostem
773 818 906 886 ruit,
936 815 1318 895 pedestrique
1346 835 1490 875 cunr
1513 817 1781 894 equitatu
1809 817 2082 896 proelium
2109 828 2277 878 atrox
2306 825 2645 876 cruentum*

429 932 544 992 que
573 913 625 952 ⁹³
645 914 944 973 inseritur:
989 914 1066 972 ab
1091 915 1235 973 hora
1259 912 1408 973 lucis
1429 912 1682 993 septima
1707 914 1781 972 ad
1811 914 2059 973 multum
2091 913 2280 975 noctis
2307 913 2479 973 variis
2504 912 2648 972 licet

426 1010 732 1070 eventibus
759 1010 950 1070 dnbio
981 1014 1171 1071 Marte
1200 1021 1491 1071 certatum
1514 1021 1640 1072 est.‘
1709 1013 2108 1071 Romanorum
2139 1010 2376 1072 tandem
2419 1011 2644 1088 impetu

425 1124 497 1168 ac
526 1108 865 1168 vulneribus
898 1108 1122 1187 fatigati
1158 1109 1434 1179 Helvetii,
1465 1108 1658 1188 primo
1691 1108 2050 1186 pedetentim
2078 1108 2469 1178 retrocedere,
2499 1126 2641 1166 mox

425 1212 485 1264 ot
515 1213 677 1283 terga
705 1218 947 1279 vertere,
976 1206 1051 1267 ad
1097 1218 1425 1267 extremum
1457 1226 1667 1286 magna
1709 1216 1898 1286 strage
1940 1206 2120 1267 deleti
2149 1216 2304 1267 sunt.
2389 1203 2648 1284 Impedi-

427 1312 623 1362 menta
659 1323 863 1363 eorum
893 1306 1069 1364 simul
1113 1315 1173 1364 et
1201 1316 1394 1365 castra
1423 1306 1756 1384 capiuntur,
1787 1325 1922 1383 pars
1952 1316 2237 1366 nocturna
2275 1304 2414 1383 suga
2441 1301 2648 1380 elapsi,

427 1397 727 1477 irrequieti
754 1411 812 1459 et
840 1402 1136 1462 insomnes
1164 1402 1241 1463 ad
1273 1412 1508 1462 centum
1543 1404 1777 1480 triginta
1807 1403 1965 1462 milia
2009 1404 2386 1481 superstitum
2434 1407 2648 1479 quarto

426 1496 559 1574 [29]
580 1497 677 1557 die
705 1498 763 1557 in
813 1500 1107 1578 Lingones
1150 1519 1488 1578 pervenere.
1575 1500 1888 1570 Caesarem,
1940 1519 2016 1560 ne
2063 1518 2165 1559 eos
2192 1521 2226 1558 e
2260 1497 2506 1577 vestigio
2553 1513 2651 1555 se-·

430 1605 725 1671 queretur,
744 1598 1074 1657 sauciorum
1099 1616 1241 1656 cura
1282 1606 1345 1657 et
1372 1616 1658 1658 casotum
1700 1598 2004 1677 sepultura
2030 1598 2314 1658 detinuit:
2358 1595 2651 1674 premisit

427 1699 625 1751 tamen
664 1693 767 1771 qui
814 1692 1185 1772 Lingonibus
1224 1696 1575 1765 nuntiarent,
1606 1696 1657 1754 si
1688 1695 2013 1756 ,Helvetios
2042 1695 2337 1755 frumento
2379 1703 2482 1755 aut
2529 1710 2650 1770 ope

425 1789 623 1867 aliqua
668 1790 1037 1868 adjuvissent
1064 1810 1167 1851 eos
1210 1810 1450 1870 quoque
1497 1811 1559 1851 se
1592 1812 1702 1871 pro
1751 1793 2022 1853 hostibus
2068 1792 2428 1851 habiturum.
2509 1791 2648 1869 Ipse

424 1897 619 1948 tannen
665 1887 1038 1948 nihilominus
1070 1898 1207 1967 post
1246 1889 1505 1949 triduum
1535 1890 1882 1969 insequitur.
1971 1888 2230 1951 Helvetii
2278 1889 2435 1950 bello
2477 1885 2643 1958 victi,

427 2004 617 2043 rerum
648 1985 885 2064 iusuper
926 1987 1185 2045 omnium
1225 1986 1549 2046 accedente
1579 1986 1839 2066 penuria,
1869 1986 2227 2048 deditionem
2272 2006 2378 2065 per
2422 1985 2650 2062 legato·

426 2081 851 2142 ”extuleruntz
902 2083 980 2143 ad
1027 2104 1127 2143 sex
1170 2083 1331 2144 milia
1350 2106 1422 2145 ex
1454 2085 1523 2145 iis
1553 2086 1754 2165 sugam
1799 2084 1860 2146 in
1903 2084 2220 2146 Germania
2270 2082 2652 2154 meditantes,

428 2178 624 2238 Caesar
640 2200 717 2239 ex
745 2180 873 2259 ipso
898 2182 1145 2242 retraxit
1165 2182 1384 2253 itinere,
1416 2201 1645 2263 proque
1673 2182 1938 2243 hostibus
1962 2182 2172 2243 habuit
2199 2181 2407 2261 reliqui
2436 2179 2644 2241 flentes

428 2292 500 2335 ac
548 2276 949 2356 supplicantes
992 2277 1447 2339 misericordiam
1502 2279 1810 2340 consecuti
1860 2290 2017 2353 sunt,
2074 2279 2305 2340 traditis
2354 2278 2530 2340 armis
2583 2285 2649 2337 et

427 2372 737 2434 obsidibus
769 2383 830 2434 et
878 2375 1146 2454 profugis
1188 2377 1496 2439 restitutis:
1540 2389 2032 2457 praeceptumque
2074 2379 2159 2437 eis
2205 2396 2243 2437 a
2293 2378 2526 2437 Caesare
2580 2381 2651 2434 ut

428 2469 698 2532 incensos
727 2473 889 2532 vicos
918 2483 1099 2553 atque
1126 2475 1352 2554 oppida
1381 2476 1801 2538 reformarent:
1849 2496 1922 2535 ne
1947 2477 2096 2537 forte
2119 2475 2404 2537 Germani
2432 2474 2648 2534 vicinia

427 2567 693 2631 locorum
710 2570 845 2631 freti
864 2571 1121 2632 desertas
1142 2581 1320 2633 terras
1339 2573 1681 2634 invaderent
1707 2594 1780 2633 ac
1809 2582 2104 2636 tenerent:
2148 2573 2234 2634 ita
2265 2592 2401 2633 cum
2432 2573 2652 2632 Helve-

432 2665 525 2727 tiis
562 2677 685 2728 tam
722 2671 977 2749 superba
1013 2680 1189 2750 gente
1227 2681 1465 2748 tamque
1515 2670 1802 2731 indomita
1829 2691 1945 2731 uno
1983 2672 2241 2749 quidem,
2269 2670 2371 2729 sed
2427 2669 2649 2748 ingenti

430 2765 640 2842 proelio
669 2765 1026 2827 debellatum
1049 2778 1169 2827 est:
1200 2766 1341 2827 illud
1371 2767 1522 2828 inter
1548 2767 1730 2827 multa
1749 2766 2145 2836 memorabile,
2175 2764 2340 2844 quod
2366 2765 2652 2826 incastris

431 2858 685 2923 iuventte
716 2874 853 2947 sunt
892 2865 1129 2937 tabulae,
1179 2864 1398 2943 quibus
1427 2864 1837 2925 Helvetiorum
1868 2881 2143 2923 numerus
2184 2872 2650 2942 caeterarumque

431 2959 711 3035 gentium,
742 2980 878 3040 quae
921 2962 1139 3023 auxilio
1183 2962 1295 3022 illis
1336 2964 1613 3033 exierant,
1661 2960 1844 3021 literis
1883 2961 2116 3022 Graecis
2145 2960 2460 3039 inscriptus
2507 2967 2654 3023 erati

432 3056 694 3117 Fuerunt
718 3068 914 3119 autem
959 3060 1150 3121 omnis
1179 3060 1402 3140 generis
1443 3060 1745 3119 hominum
1792 3056 1987 3137 capita
2038 3067 2300 3120 trecenta
2345 3057 2650 3136 sexaginta

431 3162 570 3215 octo
598 3154 794 3217 milia:
838 3176 958 3235 quo
999 3167 1309 3237 comperto
1337 3159 1554 3227 Caesar,
1588 3156 1874 3218 Helvetiis
1902 3156 1960 3214 in
1988 3165 2344 3235 potestatem
2373 3153 2650 3227 redactis,

430 3250 677 3312 lustrum
708 3253 888 3313 condi
935 3253 1097 3327 feeit,
1147 3255 1208 3315 in
1265 3274 1386 3333 qno
1414 3253 1614 3332 capita
1641 3273 1757 3314 non
1788 3254 1902 3314 nisi
1949 3264 2183 3314 centum
2235 3253 2444 3313 decem
2492 3252 2656 3315 milia

431 3358 571 3410 sunt
615 3350 879 3411 inventa:
937 3350 1094 3412 unde
1123 3351 1290 3412 facile
1321 3370 1597 3412 numerus
1640 3352 1953 3431 colligitur,
1985 3353 2076 3411 vel
2120 3369 2409 3411 caesorum
2453 3349 2543 3409 vel
2588 3350 2652 3409 in

430 3448 586 3509 bello
627 3461 1095 3520 consumtorum,
1145 3449 1435 3528 simulque
1494 3448 1642 3509 illud
1684 3461 1953 3529 apparet,
1997 3470 2070 3510 ex
2123 3449 2195 3509 iis
2241 3449 2343 3527 qui
2387 3457 2570 3511 noctu
2615 3469 2652 3509 e

432 3547 638 3624 proelio
685 3546 904 3627 fugere,
933 3558 1149 3626 praeter
1174 3545 1271 3606 illa
1297 3565 1397 3605 sex
1437 3545 1613 3617 milia,
1663 3567 1800 3627 quie
1853 3548 1931 3607 ad
1977 3549 2277 3608 Caesarem
2325 3566 2400 3606 ex
2447 3546 2654 3607 itinere

432 3658 686 3709 retracta
714 3648 1178 3716 memoravimus,
1210 3645 1662 3725 quatuordecim
1694 3648 1852 3708 milia
1874 3647 1964 3706 vel
1985 3645 2340 3716 vulneribus,
2370 3645 2463 3705 vel
2489 3646 2656 3706 lassi·

435 3742 663 3817 tudine,
687 3747 779 3806 vel
807 3744 949 3816 aliis,
973 3763 1123 3824 quos
1153 3742 1371 3803 bellum
1400 3743 1534 3815 fert,
1563 3745 1798 3805 casibus
1820 3745 2058 3823 perisse.
2141 3743 2292 3802 Hoec
2319 3742 2435 3802 ⁹‘in
2459 3743 2653 3804 Gallis

432 3841 624 3921 prima
680 3842 927 3904 Caesaris
979 3850 1154 3901 nacta
1200 3842 1441 3902 victoria
1465 3852 1573 3914 est,
1626 3863 1762 3922 quae
1811 3860 1926 3901 non
1966 3839 2246 3900 Romanis
2274 3838 2435 3917 ipsis,
2467 3858 2649 3918 quam

433 3940 623 4001 Gallis
648 3940 773 4002 sere
794 3939 1070 4000 omnibus
1096 3938 1287 3999 laetior
1326 3939 1436 4000 fuit
1464 3957 1537 3999 ac
1585 3940 1819 4019 gratior,
1860 3939 2076 4019 quibus
2116 3936 2515 3997 Helvetiorum
2544 3955 2653 4016 po·

432 4041 613 4103 tentia
641 4039 1101 4120 dominandique
1126 4039 1312 4100 libido
1341 4040 1529 4102 invisa
1559 4039 1778 4121 pariter
1803 4060 1876 4101 ac
1905 4048 2182 4120 suspecta
2206 4046 2358 4101 erat.
2439 4037 2648 4099 Ferme

583 4280 649 4327 98
682 4277 843 4342 Lege,
865 4278 1271 4331 monium-94
1301 4281 1481 4347 Forte,
1500 4279 1917 4332 obtuleram—95
1953 4277 2133 4341 Forte,
2155 4274 2207 4325 in
2232 4269 2430 4323 Galliis.
