3017 4925
527 415 707 486 awo
1038 479 1045 484 ,
1190 429 1582 481 nacausus
1605 430 2057 480 esurum-mu

528 587 723 640 textus
750 576 937 638 forma
956 576 1185 655 longius
1211 576 1483 638 recedere
1520 585 1844 656 coeperunt,
1872 576 1992 636 suis
2015 576 2190 647 libris,
2220 575 2396 636 etiam
2424 575 2728 654 conjectu-

528 676 606 736 ris
630 674 782 744 freti,
812 675 961 734 Phil.
1004 674 1344 745 Beroaldus,
1368 672 1576 745 Aldus,
1616 674 1752 733 Seb.
1797 673 2101 753 Gryphius
2139 683 2200 733 et
2238 673 2334 733 alii
2359 675 2730 746 recentiores,

525 792 634 852 per
676 792 825 851 quos
858 771 1015 831 adeo
1051 779 1245 832 textus
1300 791 1458 851 saepe
1484 771 1728 852 quidem
1775 771 2140 842 emendatus,
2182 770 2475 831 interdum
2535 782 2728 832 tamen

528 870 705 951 etiarn
734 868 968 928 vitiatus
997 878 1106 940 est,
1148 868 1291 928 dum
1332 870 1423 928 vel
1450 888 1660 947 parum
1688 878 1863 928 acute
1903 868 1977 928 de
2009 868 2175 928 variis
2203 868 2554 929 lectionibus
2573 869 2734 946 judi·

529 975 690 1036 cant,
715 967 805 1026 vel
821 966 938 1025 suis
967 965 1320 1042 conjecturis
1350 965 1669 1044 indulgent.
1727 967 1882 1025 Vere
1909 965 2078 1024 etiam
2099 964 2397 1041 judicavit
2419 964 2736 1025 Dorvillius

529 1063 603 1123 ad
625 1062 996 1122 Charitonem
1028 1082 1088 1140 p.
1119 1059 1258 1134 306,
1289 1062 1442 1121 viros
1484 1061 1716 1133 doctos,
1746 1061 2003 1141 inprimis
2051 1062 2423 1134 recentiores,
2456 1063 2560 1141 qui
2604 1062 2732 1122 Cre·

531 1160 674 1220 saris
702 1159 883 1219 libros
927 1159 1187 1229 edidere,
1232 1158 1520 1218 interdum
1565 1159 1852 1218 Caesarern
1901 1178 2004 1217 suo
2060 1177 2219 1218 more
2263 1157 2425 1238 loqui
2463 1178 2584 1218 non
2617 1179 2737 1220 esse

529 1276 752 1337 passos»,
782 1255 922 1316 dum
944 1275 1078 1315 eum
1107 1256 1182 1315 ad
1232 1256 1576 1316 concisioris
1624 1255 1899 1315 orationis
1937 1242 2243 1316 formulam
2286 1256 2508 1335 ubique
2548 1245 2737 1333 exige-

526 1364 675 1428 rent,
721 1375 905 1432 eaque
960 1363 1293 1414 constanter
1341 1353 1428 1415 uti
1481 1365 1777 1432 cogerent,
1819 1374 1956 1414 cum
1995 1354 2088 1414 ille
2137 1374 2396 1414 severam
2444 1354 2738 1415 brevitatis

529 1452 714 1531 legem
739 1471 856 1512 non
884 1470 1014 1511 raro
1034 1452 1385 1531 neglexerit:
1417 1471 1540 1530 quo
1585 1453 1643 1512 in
1686 1471 1896 1532 genere
1923 1452 2096 1513 etiam
2127 1452 2185 1512 in
2210 1452 2358 1525 aliis,
2388 1452 2734 1513 brevitatem

530 1550 792 1610 universe
821 1549 1401 1628 secutis,·peccatum
1437 1559 1557 1611 est:
1601 1569 1941 1630 quanquam
1971 1569 2089 1610 non
2117 1550 2449 1628 negandum
2477 1559 2593 1622 est,
2626 1550 2738 1609 hoc

528 1649 712 1726 genus
740 1647 1083 1726 scriptorum
1111 1667 1147 1707 a
1182 1646 1424 1708 librariis
1454 1658 1519 1708 et
1558 1647 1974 1708 Grammaticis
2004 1646 2415 1726 interpolatum
2461 1667 2595 1706 esse
2638 1663 2741 1725 per

530 1744 771 1823 glossas.

610 1844 1001 1919 Interpretum
1043 1861 1181 1902 cum
1223 1861 1466 1922 magnus
1492 1859 1767 1903 numerus
1810 1841 1906 1913 sit,
1955 1840 2168 1920 aliique
2214 1840 2374 1901 aliud
2421 1841 2738 1902 consilium

528 1940 713 1998 secuti
740 1939 874 2008 sint,
908 1958 1016 2017 pro
1040 1939 1261 1998 ratione
1298 1949 1629 2019 temporum
1670 1950 1730 2001 et
1757 1939 2143 2000 destinatione
2168 1938 2437 1997 laborum
2466 1958 2740 1999 suorum:

527 2053 684 2112 saepe
710 2034 912 2094 eadem
941 2036 999 2095 in
1027 2036 1316 2113 pluribus,
1346 2056 1507 2115 saepe
1548 2023 1805 2115 vulgaria
1842 2045 1903 2096 et
1930 2035 2138 2115 puerili
2182 2034 2340 2094 aetati
2385 2034 2607 2113 scripta
2649 2055 2741 2096 oc·

528 2141 789 2203 currunt,
828 2131 986 2191 un'de
1016 2152 1172 2210 saepe
1213 2132 1418 2193 eadem
1458 2133 1653 2211 legere
1695 2141 1951 2211 oportet,
1981 2131 2031 2191 si
2058 2131 2191 2209 quis
2231 2141 2404 2190 notas
2448 2132 2739 2192 variorum

528 2226 839 2306 adjunctas
868 2231 1085 2291 habeat
1110 2232 1170 2290 in
1197 2232 1470 2310 exemplo
1498 2250 1630 2290 suo.
1680 2232 1888 2309 Itaque.
1912 2230 2060 2289 bene
2086 2228 2227 2290 fecit
2249 2226 2739 2306 Oudendorpius,

531 2324 720 2404 quiin
758 2327 1018 2388 editione
1058 2349 1162 2389 sua
1195 2339 1420 2390 tantum
1461 2329 1811 2389 recentiores
1856 2337 1916 2388 et
1957 2327 2216 2406 optimos
2257 2325 2545 2385 servavit:
2589 2343 2740 2403 pra!-

527 2422 720 2485 sertim
754 2443 888 2486 cum
929 2435 993 2487 et
1024 2425 1084 2487 hi
1125 2427 1488 2506 superiorum
1520 2425 1687 2486 bonis
1716 2426 1805 2486 usi
1833 2424 1967 2497 sint,
1993 2435 2176 2503 atque
2215 2421 2362 2501 ipsa,
2389 2440 2530 2502 quae
2553 2422 2633 2482 ab
2674 2422 2740 2482 iis

528 2520 745 2580 omissa
780 2532 993 2595 essent,
1025 2523 1127 2583 ubi
1154 2525 1488 2584 consultum
1515 2532 1660 2594 erat,
1690 2541 1804 2581 non
1832 2521 2167 2601 neglexerit.

606 2619 826 2680 Praeter
843 2620 1113 2682 laudatos
1133 2622 1307 2695 viros,
1338 2622 1441 2701 qui
1471 2621 1708 2699 scriptis
1735 2621 1856 2680 auis
1872 2622 2168 2680 Caesarem
2197 2618 2581 2691 illustrarunt,
2605 2638 2740 2677 con-

525 2716 753 2776 sulendi
792 2729 962 2779 sunt:
1014 2720 1171 2779 Dan.
1215 2718 1385 2780 Guil.
1421 2719 1657 2779 Molleri
1706 2718 1864 2779 Dias.
1913 2718 1989 2778 de
2027 2717 2185 2777 Julio
2222 2717 2480 2786 cauare,
2525 2713 2738 2775 Altorf.

536 2811 709 2881 1687.
767 2817 1089 2876 4.—Mart.
1149 2817 1419 2877 Hankius
1474 2817 1552 2878 de
1613 2818 2004 2877 Romanarum
2060 2833 2251 2874 rernm
2308 2813 2736 2892 Scriptoribus,

526 2908 755 2987 Lipsiae.
802 2910 977 2972 1688.
1009 2921 1067 2972 4.
1133 2912 1213 2973 T.
1246 2930 1295 2974 1.
1326 2933 1386 2992 p.
1430 2921 1534 2976 32.
1576 2934 1710 2993 sqq.
1752 2922 1815 2973 et
1843 2929 1924 2973 11.
1957 2922 2027 2991 p.
2059 2920 2199 2979 207.
2239 2909 2735 2989 sqq.-—Theoplr.

525 3005 865 3086 Christoph.
895 3009 1103 3069 Harles
1121 3009 1182 3069 in
1208 3011 1655 3072 Introductione
1675 3012 1731 3071 in
1761 3010 2044 3071 Notitiam
2075 3009 2415 3070 litterature
2432 3008 2734 3077 Romanae,

526 3102 736 3164 Norib.
790 3112 964 3174 1781.
1016 3107 1082 3168 P.
1109 3123 1186 3166 11.
1240 3126 1301 3186 p.
1337 3117 1474 3169 181.
1524 3108 1960 3188 sqq.—Wbear
2006 3106 2376 3168 Relectiones
2422 3105 2733 3185 hyemales,

526 3200 686 3259 Sect.
724 3216 879 3261 xtx.
922 3211 984 3262 et
1021 3202 1193 3263 Nevii
1234 3204 1625 3265 Accessiones
1671 3204 1747 3264 ad
1800 3203 2033 3264 Wheari
2075 3201 2444 3263 Relectiones
2493 3220 2558 3279 p.
2603 3209 2732 3261 121.

523 3293 908 3378 ejusdemque
932 3300 1103 3360 Nevii
1126 3301 1415 3361 Mantissa
1435 3321 1496 3380 p.
1527 3299 2024 3380 2.--Biographia
2051 3299 2315 3368 classica,
2337 3296 2534 3357 Lond.
2561 3305 2734 3366 1740.

526 3401 583 3453 8.
636 3395 774 3457 Vol.
798 3412 879 3456 11.
931 3418 994 3477 p.
1031 3406 1162 3460 125.
1209 3399 1734 3479 sqq.—Menkenii
1773 3399 1929 3459 Bibl.
1967 3398 2106 3457 virr.
2151 3396 2232 3461 ill.
2264 3416 2324 3457 n.
2351 3394 2634 3455 46.—De
2677 3395 2733 3454 la

524 3490 735 3553 Mothe
762 3493 816 3552 le
844 3497 1039 3575 Vayer
1062 3495 1121 3555 in
1151 3496 1315 3575 Opp.
1345 3496 1567 3556 Gallic.
1594 3497 1671 3557 T.
1695 3511 1808 3555 ιιι.
1838 3496 2020 3555 Paris.
2058 3493 2233 3556 1681.
2264 3492 2583 3555 12.—Tbe
2611 3491 2732 3552 Life

520 3587 639 3648 and
668 3589 865 3651 Death
892 3592 965 3651 of
985 3594 1055 3653 C.
1084 3594 1141 3655 J.
1172 3594 1389 3667 Caesar,
1441 3595 1520 3673 by
1550 3592 1782 3653 Clas-ke.
1867 3591 2058 3653 Lond.
2092 3588 2271 3651 1665.
2300 3590 2580 3651 4.-—The
2607 3584 2728 3648 Life

520 3685 593 3745 of
611 3686 684 3746 C.
710 3687 767 3746 J.
797 3689 1035 3749 Caesar:
1085 3689 1285 3752 drawn
1333 3690 1483 3751 from
1513 3692 1614 3751 the
1654 3701 1808 3750 most
1845 3689 2149 3750 authentic
2180 3707 2417 3748 sources
2444 3687 2517 3747 of
2554 3687 2726 3746 infor·
2803 3767 2808 3771 q

519 3781 761 3853 madon,
809 3785 888 3863 by
921 3786 1163 3849 Charles
1211 3790 1421 3849 Coote.
1479 3789 1673 3849 Loud.
1722 3795 1894 3859 1795.
1944 3785 2252 3848 12.-Tbe
2292 3784 2621 3845 Character
2663 3781 2734 3841 of

516 3876 711 3940 Julius
741 3881 958 3955 Caesar,
990 3884 1070 3963 by
1105 3884 1322 3947 Thom.
1363 3887 1719 3957 Blacluvellg
1782 3886 1840 3944 in
1885 3884 2162 3945 Memoirs
2190 3882 2264 3942 of
2300 3882 2404 3941 the
2433 3884 2623 3942 Court
2663 3878 2733 3938 of

521 3979 840 4057 Augustus.
885 3981 1235 4063 Edinburgh
1270 3983 1444 4054 1756.
1493 3994 1555 4046 4.
1583 3994 1621 4046 9.
1651 3983 2065 4045 voll.—Storia
2107 3981 2266 4042 della
2306 3980 2426 4040 vita
2475 3980 2539 4039 di
2586 3977 2722 4039 ctio

520 4075 722 4136 Giulio
772 4076 1002 4139 Caesare
1042 4079 1120 4139 da
1174 4081 1483 4161 Giuseppe
1538 4081 1729 4142 Maria
1767 4080 2064 4141 Secondo.
2150 4076 2403 4156 Neapoli
2447 4074 2623 4146 1776.
2663 4082 2718 4136 8.

520 4181 559 4231 4
588 4172 1011 4235 voll.—Leben
1038 4175 1143 4237 des
1167 4179 1240 4237 C.
1258 4178 1315 4239 J.
1335 4179 1551 4250 Caesar,
1582 4198 1698 4239 von
1727 4180 1804 4237 A.
1828 4180 1909 4238 G.
1932 4177 2234 4238 Meissner.
2293 4175 2448 4235 Berl.
2476 4180 2647 4244 1799.
2665 4178 2721 4231 8.

520 4272 697 4331 -An
724 4271 988 4354 Enquiry
1017 4273 1142 4338 into
1183 4275 1284 4338 the
1313 4275 1497 4337 Merit
1533 4274 1606 4337 of
1624 4274 2079 4348 Assusiuation,
2115 4271 2254 4334 with
2280 4291 2320 4331 a
2342 4270 2506 4331 View
2537 4280 2597 4331 ιο
2623 4268 2720 4329 the
