3017 4925
453 347 630 417 1724
1101 360 1160 411 s.
1207 355 1421 408 censi
1469 349 2008 405 conmanunt!

455 508 638 571 nerali
676 484 1101 568 exhortatione·
1128 503 1465 575 sollicitans,
1514 521 1622 561 nec
1668 499 1896 581 praeire,
1944 498 2046 560 sed
2099 517 2161 560 se
2206 496 2372 577 sequi
2410 495 2655 575 jubens,

438 605 800 684 -reimegrare
830 622 1084 682 pugnam
1105 603 1230 679 jam
1261 602 1657 680 languentem;
1689 597 1823 657 binc
1843 616 2040 657 amore
2058 595 2249 668 ducis,
2272 595 2408 655 hinc
2429 593 2658 673 pudore

457 701 769 781 compulit.
853 699 1133 759 Crederes
1161 698 1329 756 unius
1354 696 1535 756 animi
1582 695 1763 755 robur
1810 703 1987 773 atque
2030 691 2300 753 ardorem
2349 693 2408 751 in
2451 709 2655 762 omnes

457 797 650 860 subita
679 796 1058 876 inspiratione
1099 793 1400 867 diffusum,
1448 801 1798 872 tantumque
1835 810 1948 851 vox
1998 791 2166 851 ducis
2212 799 2270 850 et
2316 789 2656 869 exemplum

458 894 733 956 ⁷'fervide
761 889 964 954 omnes
983 893 1338 971 fortiterque
1366 900 1720 971 pugnarent:
1764 899 1824 949 et
1853 889 1953 968 qui
1983 889 2041 948 in
2071 889 2263 967 fugam
2292 888 2436 947 verti
2463 905 2660 966 coepe·

456 1001 613 1062 runt,
643 999 703 1050 et
731 991 833 1069 qui
862 990 1196 1051 vulneribus
1245 987 1648 1059 tardabantur,
1701 986 1873 1046 simul
1922 987 1977 1046 in
2020 987 2218 1046 hostes
2263 987 2429 1045 vultu
2477 991 2658 1063 atque

456 1087 662 1150 animis
689 1088 841 1147 versi
885 1087 1263 1148 mutationem
1308 1104 1499 1147 rerum
1537 1085 1690 1145 adeo
1718 1084 2078 1164 repentinam
2108 1102 2408 1163 peperere,
2451 1091 2520 1142 ut
2559 1082 2658 1141 vix

458 1183 622 1247 credi
669 1192 891 1264 posset,
955 1184 1244 1246 exercitus
1296 1184 1423 1244 illos
1475 1203 1623 1253 esse,
1674 1182 1778 1261 qui
1832 1183 2011 1261 paulo
2064 1193 2199 1241 ante
2252 1178 2656 1240 conflixerant.

454 1280 658 1343 Nervii
686 1281 864 1342 modo
892 1282 1143 1342 victores
1190 1280 1331 1342 victi
1358 1280 1516 1340 illico
1545 1279 1841 1359 deletique
1872 1288 2037 1351 suut;
2083 1298 2198 1339 non
2240 1277 2410 1338 multi
2439 1287 2656 1350 tamen,

456 1395 567 1440 nec
597 1388 661 1439 ut
687 1378 854 1439 dictu
883 1378 968 1439 sic
996 1388 1059 1439 et
1087 1379 1250 1440 factu
1282 1378 1482 1451 facile3
1529 1397 1734 1457 nempe
1781 1396 2016 1438 suorum
2065 1375 2449 1437 cadaveribus
2492 1374 2662 1434 iusis-

454 1484 664 1546 tentes,
694 1474 975 1556 factoque
1003 1497 1075 1537 ex
1102 1477 1172 1536 iis
1201 1473 1496 1535 ⁷⁶cumulo
1524 1483 1589 1534 ut
1617 1474 1785 1552 quasi
1813 1474 1887 1533 de
1915 1475 2043 1535 loeo
2070 1474 2271 1534 altiore
2299 1481 2655 1553 pugnarent,

454 1592 644 1652 usque
672 1571 746 1633 ad
780 1583 1027 1633 mortem
1056 1572 1205 1633 forte
1246 1571 1614 1651 propositum
1654 1580 1995 1632 tenuerunt:
2038 1571 2210 1650 fregit
2238 1580 2431 1631 tamen
2455 1586 2657 1631 eorum

454 1669 832 1749 pertinaciam
861 1670 1122 1731 Romana
1159 1669 1608 1748 perseverantia:
1656 1668 1739 1729 sic
1771 1677 2069 1729 nutantem
2096 1669 2506 1747 labentemque
2534 1665 2659 1726 for-

455 1778 658 1829 tunam
687 1768 993 1847 publicam
1023 1769 1196 1828 unius
1225 1767 1333 1827 viri
1361 1767 1542 1828 virtus
1591 1767 1959 1846 felicitasque
1993 1766 2282 1826 sustinuit.
2365 1767 2542 1826 Senes
2582 1783 2656 1827 ac

452 1865 684 1925 feminae
712 1866 995 1945 puerique
1023 1885 1172 1944 quos
1200 1884 1337 1927 cum
1362 1865 1617 1926 fortunis
1645 1865 1764 1925 suis
1793 1864 2064 1925 omnibus
2080 1863 2283 1926 Nervii
2306 1864 2364 1923 in
2385 1862 2659 1942 proelium

452 1969 727 2022 exeuntes
752 1963 812 2022 in
841 1960 1161 2043 paludibus
1189 1963 1398 2043 procul
1426 1962 1776 2024 abdiderant
1786 1985 1804 2035 ς
1849 1961 2051 2023 audita
2097 1980 2335 2023 suorum
2368 1959 2556 2033 clade,
2587 1966 2661 2020 ut

451 2057 593 2119 nihil
619 2077 864 2137 usquam
893 2058 1156 2121 clausum
1184 2059 1372 2133 victis,
1401 2059 1481 2120 sic
1509 2059 1825 2121 victoribus
1856 2058 2000 2118 nihil
2026 2057 2390 2138 ⁷⁷imperium
2417 2057 2661 2136 opinan-

452 2165 558 2228 tes,
581 2157 882 2218 communi
907 2158 1168 2218 omnium
1197 2157 1577 2238 superstitum
1606 2157 1848 2219 consilio
1875 2177 1982 2236 per
2023 2158 2244 2234 legatos
2269 2176 2400 2216 sese
2438 2154 2660 2215 Caesari

453 2251 835 2314 ⁷‘dederuntt
877 2263 939 2314 et
985 2264 1051 2315 ut
1107 2255 1365 2334 publicae
1418 2255 1777 2335 professione
1835 2255 2083 2315 miserias
2137 2252 2366 2313 facilius
2417 2251 2658 2313 victoris

452 2349 909 2412 misericordiam
941 2352 1346 2431 impetrarent:
1387 2353 1673 2434 populum
1719 2353 2068 2414 Nerviorum
2117 2373 2151 2413 a
2179 2351 2481 2430 sexaginta
2507 2349 2659 2410 mili·

449 2443 562 2508 bus
590 2446 663 2508 ad
697 2448 1085 2529 quingentos;
1131 2460 1396 2513 senatum
1441 2471 1479 2512 a
1526 2452 1810 2514 sexcentis
1852 2449 1926 2512 ad
1975 2461 2092 2513 tres
2121 2449 2341 2512 redisse
2369 2468 2656 2511 memora·

453 2541 616 2607 bant.
700 2547 982 2608 Misertus
1010 2558 1096 2609 est
1135 2548 1336 2609 Caesar
1374 2544 1704 2610 fortissimas
1730 2548 1942 2629 gentis,
1986 2558 2048 2608 et
2092 2547 2399 2626 ⁷⁹reliquas
2440 2545 2657 2607 liberas

453 2641 572 2701 suis
601 2642 688 2703 uti
715 2644 940 2723 legibus
969 2645 1178 2716 sanxit,
1209 2648 1610 2726 praecepitque
1638 2646 1900 2706 finitimis
1930 2665 2003 2705 ne
2032 2645 2162 2723 quis
2190 2664 2393 2704 eorum
2423 2642 2660 2704 calami-

451 2739 670 2815 tatibus
708 2742 1034 2803 insultaret.
1118 2743 1371 2816 Aduaci,
1396 2743 1500 2824 qui
1529 2754 1593 2804 ut
1620 2743 1876 2803 diximus
1904 2762 2081 2821 opem
2110 2742 2340 2802 Nerviis
2365 2740 2655 2814 ferebant,

450 2834 659 2895 audito
704 2838 894 2915 proelii
942 2839 1117 2916 hujus
1157 2850 1393 2911 eventu,
1421 2839 1555 2918 [52]
1583 2860 1741 2899 suam
1793 2840 1850 2899 in
1897 2839 2145 2919 patriam
2192 2839 2433 2911 rediere,
2476 2831 2656 2918 seque

451 2948 652 2991 omnes
696 2933 754 2993 in
810 2934 1011 2995 ⁸0ferte
1065 2955 1247 2996 unum
1302 2955 1376 2996 ac
1432 2937 1719 2998 munitum
1764 2936 2010 3017 opidum
2057 2936 2370 2997 abdideret
2414 2935 2498 2995 ibi
2554 2952 2656 2997 eos

452 3025 652 3087 caesar
694 3028 1005 3090 obsidione
1056 3032 1373 3104 conclusit,
1406 3033 1507 3112 qui
1555 3034 1855 3095 machinas
1899 3035 2111 3114 procul
2160 3034 2426 3094 ⁸¹intuitu
2453 3032 2658 3094 irride·

456 3122 621 3197 bant,
651 3126 1113 3205 quaerebantque
1157 3127 1235 3189 de
1282 3148 1471 3201 muro,
1505 3129 1720 3209 quibus
1746 3130 1874 3191 illas
1913 3131 2132 3193 viribus
2171 3131 2410 3203 moturi,
2440 3130 2655 3211 quibus

450 3220 721 3280 manibus
749 3221 919 3282 laturi
968 3233 1185 3300 essent,
1215 3227 1456 3287 tantillae
1492 3230 1820 3307 praesertim
1854 3229 2117 3290 homines
2158 3237 2425 3290 staturae:
2469 3229 2659 3301 solent

448 3315 605 3375 enim
656 3337 782 3397 prae
832 3339 1070 3380 suorum
1124 3322 1280 3383 mole
1347 3343 1660 3403 corporum
1711 3336 1912 3404 gentes
1971 3326 2270 3387 ⁸²Arthoae
2326 3326 2656 3387 Romanam

449 3430 723 3492 spernere
754 3415 1246 3480 mediocritatem:
1299 3421 1491 3500 ⁸³post
1521 3422 1818 3483 admoveri
1847 3424 2024 3484 muris
2072 3424 2371 3485 machinas
2414 3444 2664 3505 aspexe-

447 3517 600 3582 runt,
632 3510 861 3572 insueto
889 3523 950 3573 et
997 3534 1297 3596 nunquam
1344 3517 1485 3578 alias
1532 3519 1655 3580 viso
1701 3521 2042 3601 spectaculo
2072 3521 2410 3600 stupefacti,
2436 3512 2658 3602 legatos

446 3603 523 3664 ad
555 3607 845 3669 Coesarem
875 3610 1274 3687 destinamut;
1320 3636 1572 3696 quorum
1624 3639 1769 3679 unus
1816 3621 1874 3679 in
1919 3619 2070 3680 banc
2101 3621 2445 3680 sententiam
2475 3621 2659 3682 verba

445 3699 610 3763 fecit.
694 3710 713 3737 ⁴
733 3705 1040 3768 Credimus
1079 3730 1121 3769 o
1161 3714 1416 3773 Romani
1456 3735 1563 3775 vos
1590 3737 1708 3777 non
1738 3717 1862 3776 sine
1887 3716 2105 3777 coelesti
2134 3716 2352 3777 auxilio
2377 3717 2652 3797 proeliari,

447 3797 552 3879 qui
580 3798 710 3861 baec
730 3803 1004 3866 omnibus
1033 3806 1414 3889 impossibilia
1438 3821 1558 3874 tam
1589 3811 2009 3874 ⁸*innumerabili
2037 3812 2315 3874 facilitate
2335 3813 2650 3894 perficitis3

508 4052 574 4104 ‘ts
606 4051 777 4105 Deest
810 4056 979 4117 vdua,
1014 4063 1069 4109 st
1106 4066 1198 4111 ant
1230 4060 1397 4113 simile
1436 4038 1560 4130 qnid
1564 4069 1711 4117 .-—w
1742 4066 2130 4131 Fon-testudo.
2132 4072 2262 4121 -77
2295 4068 2456 4134 Lege,
2479 4067 2651 4133 W·

443 4129 574 4185 vim
578 4136 725 4184 -78
759 4135 919 4202 Lege,
960 4139 1238 4191 aedua-m
1240 4146 1388 4193 .-⁷9
1435 4144 1600 4213 Lege,
1636 4146 1879 4213 reliquias.
1878 4153 2010 4199 -80
2042 4150 2220 4214 Forte,
2250 4147 2387 4210 Ιοήσ
2420 4161 2651 4198 Μ·-

443 4214 506 4265 81
532 4212 710 4281 Forte,
729 4215 1049 4271 mitis-42
1071 4220 1237 4289 Lege,
1255 4224 1449 4277 Arm
1447 4232 1600 4282 ,41
1619 4229 1778 4299 Lege,
1791 4236 2191 4300 postqum-84
2210 4232 2386 4299 Forte,
2399 4226 2630 4285 mata
