3017 4925
477 374 657 472 ‘1038
1097 394 1210 468 ·s.'
1233 415 1450 468 catam
1497 412 1707 465 coint
1720 402 2063 466 anaan-

478 579 515 634 'a
558 569 925 651 principibus
968 569 1343 644 directarum,
1391 589 1465 630 ex
1511 568 1732 647 quibus
1776 567 1907 628 elici
1946 572 2169 647 posset,
2202 565 2349 644 qum
2375 562 2578 626 contri
2608 562 2697 627 ’ἑο

483 669 728 749 quilibet
757 669 1054 739 sensisset,
1085 667 1246 747 quod
1293 669 1367 728 ad
1417 668 1702 727 rationem
1753 664 2013 726 nondum
2064 663 2215 725 finiti
2245 664 2383 723 belli
2402 658 2694 741 prodesse

479 766 742 847 potuisse
769 784 885 826 non
912 774 1000 825 est
1028 764 1294 835 dubium,
1338 783 1449 824 neo
1476 765 1758 843 epistolas
1785 764 1916 842 legi,
1944 781 2052 822 nec
2080 760 2286 840 aperiri
2313 759 2527 820 serinia
2555 778 2695 837 pas-

481 882 604 933 sus,
633 863 792 923 bona
830 860 950 922 fide
976 861 1133 922 sicut
1157 870 1318 922 erant
1347 861 1657 940 obsignata
1703 870 1764 922 et
1806 861 2028 920 intacta
2068 857 2424 919 combussit:
2472 871 2531 915 et
2558 874 2701 916 nro

479 960 619 1020 lieet
645 978 714 1019 ac
742 960 967 1019 modice
985 958 1193 1018 solitus
1221 958 1534 1028 subirasci,
1564 958 1747 1018 satius
1775 957 1941 1017 duxit
1966 959 2084 1028 itm,
2112 976 2185 1016 ne
2211 955 2288 1015 ad
2316 974 2377 1013 se
2396 953 2691 1016 accedere

481 1064 708 1137 posset,
737 1074 1065 1126 occurrere,
1093 1064 1155 1116 et
1201 1072 1508 1134 opponere
1557 1056 1641 1114 illi
1688 1054 2073 1133 ignorantiam
2108 1054 2480 1122 offensamtn,
2511 1066 2697 1131 quam

479 1163 827 1233 prm-entem
872 1154 1155 1214 rationem
1203 1153 1525 1215 moderari:
1572 1153 1780 1213 mirum
1827 1170 2012 1230 genus
2038 1151 2386 1219 elementiae,
2415 1150 2698 1210 etomni·

484 1252 598 1313 bus
650 1253 1001 1313 ⁴vietoribus
1052 1262 1217 1313 recto
1272 1252 1388 1312 sub
1431 1251 1641 1331 judice
1696 1249 2147 1330 praeferendum:
2207 1248 2560 1329 penitusque
2617 1246 2696 1309 ab

480 1350 793 1411 Alexandri
823 1349 1169 1410 Macedonis
1197 1350 1443 1410 consilio
1469 1350 1778 1421 diversum,
1798 1349 1902 1428 qui
1930 1366 2047 1406 non
2075 1347 2256 1406 solum
2284 1345 2438 1404 ultro
2461 1344 2695 1404 oblatas

483 1447 735 1508 bostium
762 1447 1045 1527 epistolas
1073 1467 1189 1507 non
1218 1449 1561 1516 combassit,
1585 1448 1689 1508 sed
1720 1446 1883 1525 quod
1914 1443 2215 1507 certissimi
2245 1454 2377 1505 sunt
2401 1452 2696 1512 auctores,

486 1554 723 1605 suorum
770 1544 992 1606 litteras
1040 1546 1254 1607 callide
1293 1545 1656 1626 perquisivit,
1706 1544 1950 1623 cognito
1995 1561 2199 1603 eorum
2246 1541 2321 1600 de
2360 1560 2421 1598 se
2459 1538 2698 1615 judicio

395 1634 428 1648 ”
485 1643 843 1722 supplicium
873 1642 1221 1707 meditatus:
1264 1662 1622 1722 quamquam
1667 1642 1807 1722 quid
1846 1638 2245 1701 Alexandrum
2277 1637 2539 1706 nomino,
2569 1655 2699 1695 om-

482 1739 643 1800 niurn
674 1740 792 1800 sere
822 1741 1123 1802 bominum
1152 1742 1402 1802 consilia
1432 1743 1543 1802 hac
1573 1739 1650 1801 de
1697 1761 1758 1800 re
1804 1740 1967 1818 paria
2008 1747 2071 1797 et
2098 1733 2472 1795 Alexandrea
2502 1733 2699 1811 potius

484 1850 664 1917 quam
692 1839 968 1899 Caesarea
1015 1860 1140 1900 esse
1192 1841 1323 1920 quis
1367 1840 1642 1902 dubitet?
1726 1838 1999 1899 Profecto
2030 1846 2093 1896 ut
2139 1836 2196 1894 in
2248 1832 2443 1893 multis
2488 1833 2547 1891 in
2582 1831 2699 1897 boc

486 1953 729 2014 quoque
756 1936 964 1997 unicus
993 1939 1197 1997 Caesar
1222 1947 1342 1999 ests
1381 1938 1483 1998 sed
1515 1936 1789 2017 Pompeji
1816 1935 2013 2014 fugam
2045 1949 2388 2013 prosequor.

566 2034 776 2093 Pulsus
825 2053 969 2112 ergo
1013 2032 1355 2114 Pontpejus,
1404 2027 1513 2114 pei·
1555 2034 1930 2095 Thessalicas
1980 2031 2175 2110 sylvas
2224 2047 2340 2089 uno
2381 2046 2559 2105 equo,
2592 2044 2699 2106 per

482 2129 729 2209 AEgeum
760 2133 1002 2211 pelagus
1030 2152 1147 2192 una
1175 2134 1310 2192 navi
1338 2131 1624 2211 fugiebat.
1710 2129 1962 2192 Rotnani
1988 2126 2214 2207 imperii
2248 2123 2442 2205 pudor
2470 2124 2697 2202 ingens,

483 2225 649 2303 quod
679 2227 776 2287 ille
805 2238 952 2289 nutu
982 2239 1241 2290 oexeratz
1285 2230 1386 2290 sed
1418 2229 1504 2288 sic
1533 2238 1643 2299 est,
1675 2246 1765 2287 res
1793 2227 2091 2287 bominum
2120 2245 2234 2284 non
2266 2232 2421 2284 stant
2442 2244 2465 2282 r
2487 2232 2549 2282 et
2575 2240 2695 2300 qno

484 2324 698 2385 ’minor
743 2334 831 2386 est
868 2326 1162 2399 altitudo:
1205 2328 1380 2407 [212]
1426 2347 1500 2387 eo
1546 2326 1780 2407 gravior
1825 2325 2020 2389 ruina:
2067 2325 2152 2384 sic
2185 2323 2421 2382 Lesbon
2449 2319 2699 2381 insulam

482 2418 651 2492 adiit.
680 2421 784 2484 ubi
814 2442 921 2484 sua
946 2424 1343 2486 amantissima
1372 2425 1594 2503 conjux
1628 2432 1787 2488 erat:
1833 2431 2187 2502 receptoque
2232 2418 2529 2481 carissimo
2573 2418 2702 2497 pIg-

480 2537 627 2580 nore
655 2518 771 2579 illic
801 2519 1096 2601 deposito,
1125 2542 1159 2582 a
1199 2533 1366 2603 tergo
1395 2523 1508 2583 sibi
1538 2532 1800 2582 metuens
1831 2540 1967 2580 mox
2008 2519 2308 2580 discessit:
2349 2517 2543 2577 donec
2575 2515 2701 2597 qui·

487 2616 742 2678 busdam
796 2639 1035 2679 snorum
1086 2616 1440 2692 ⁶assecutus,
1497 2620 1554 2680 in
1610 2618 1812 2679 infami
1865 2637 1968 2678 sen
2023 2616 2211 2676 insula
2264 2615 2543 2686 Cilicum,
2596 2633 2702 2678 seu

483 2715 731 2794 scopulo
757 2713 1264 2779 deliberabundus
1312 2719 1592 2789 substitit,
1638 2737 1709 2777 an
1748 2718 1806 2776 in
1834 2716 2118 2786 Africam,
2147 2733 2224 2773 an
2265 2714 2324 2772 in
2354 2714 2701 2793 AEgyptum,

483 2829 559 2872 an
587 2812 646 2870 in
679 2813 969 2873 Parthiam
999 2813 1317 2892 navigaret.
1400 2816 1476 2875 Et
1495 2834 1646 2874 eum
1674 2831 1891 2893 pronus
1915 2823 2070 2873 esset
2097 2811 2155 2872 in
2190 2811 2475 2886 Parthias,
2502 2827 2701 2870 rursus

458 2908 746 2968 -consiliis
794 2928 1033 2970 suorum
1082 2910 1273 2970 victus
1319 2909 1378 2969 in
1421 2913 1733 2990 AEgyptum
1764 2908 1958 2969 flexit:
2002 2908 2285 2987 quodque
2334 2907 2394 2968 in
2441 2905 2700 2967 consiliis

489 3001 765 3066 crebrum
816 3015 925 3078 est,
975 3006 1078 3066 illa
1130 3009 1419 3067 sententia
1467 3007 1784 3086 superavit,
1840 3025 1960 3086 qua
2009 3005 2268 3066 deterior
2334 3003 2492 3064 nulla
2539 3014 2701 3066 erat:

493 3115 701 3181 nempe
755 3122 895 3163 cum
964 3103 1042 3163 ab
1110 3122 1184 3163 eo
1238 3121 1374 3183 rege
1424 3105 1556 3184 ⁷qui
1626 3113 1789 3166 tutor
1867 3123 1902 3165 a
1957 3112 2164 3165 senatu
2230 3102 2403 3162 datus
2458 3121 2701 3180 regnum

490 3215 718 3259 summa
782 3198 903 3261 fide
963 3210 1313 3274 servaverat,
1376 3212 1438 3264 et
1491 3212 1736 3281 paterna
1791 3203 2010 3282 pietate
2068 3201 2415 3270 restituerat,
2482 3210 2544 3259 et
2598 3211 2703 3279 pa·

488 3294 636 3358 terni
689 3298 831 3376 jure
889 3298 1132 3379 hospitii
1181 3309 1245 3360 et
1305 3300 1397 3362 sui
1457 3301 1521 3361 in
1589 3301 1749 3362 illum
1809 3301 2016 3372 meriti,
2071 3299 2354 3360 auxilium
2410 3298 2705 3376 petiturus

485 3392 801 3458 infaustum
838 3397 1088 3476 puppim
1135 3396 1211 3458 ad
1260 3396 1426 3458 littus
1471 3397 1819 3479 ⁸AEgyptutn
1862 3397 2217 3478 appulisset:
2262 3396 2505 3475 cognito
2554 3393 2703 3456 tanti

485 3491 594 3556 viri
620 3492 881 3554 solitario
907 3492 1162 3558 adventu
1191 3513 1292 3555 rex
1320 3496 1600 3575 impubes
1629 3496 2004 3568 Ptolomaens,
2028 3515 2101 3555 ex
2145 3495 2298 3555 illius
2341 3493 2548 3554 habitu
2589 3492 2707 3554 for·

489 3597 695 3653 tunm
723 3592 1090 3668 conjectans,
1118 3603 1178 3656 et
1207 3593 1408 3656 subita
1435 3614 1497 3655 re
1526 3593 1832 3665 turbatus3
1877 3592 2018 3653 dum
2049 3591 2431 3653 tumultuario
2456 3590 2703 3655 consitio

489 3681 636 3766 quid
679 3687 970 3765 agendum
1016 3698 1171 3750 esset
1217 3700 1531 3768 quareret,
1571 3690 1928 3761 consultore,
1954 3690 2167 3769 -siquis
2216 3689 2331 3762 fuit
2379 3688 2705 3762 honestior,

486 3780 822 3863 spadonum
868 3784 1281 3848 vilissimorum
1331 3787 1635 3849 bominum
1684 3790 1987 3861 sententia,
2040 3795 2347 3866 superat03
2393 3805 2498 3845 seu
2543 3795 2703 3846 metu

487 3880 892 3944 Romuomm
943 3892 1007 3942 ut
1053 3903 1116 3943 se
1162 3895 1513 3946 excusantes
1560 3894 1699 3965 post
1737 3886 2042 3957 dicebant,
2072 3904 2174 3946 seu
2202 3883 2330 3945 sola
2357 3881 2601 3963 perfidia
2631 3900 2703 3944 ao

490 3987 843 4059 contemptu
869 3978 1024 4062 ejus,
1052 3978 1230 4043 fidem
1258 4001 1533 4065 spernere
1559 3994 1621 4045 et
1655 3994 1894 4065 captare
1919 3983 2164 4068 gratiam
2194 3979 2452 4053 victoris,
2482 3999 2555 4040 ac
2585 3979 2704 4041 sor-

491 4208 1104 4358 Δι’-ἔξωρα
1130 4212 1292 4280 1220,
1306 4214 1572 4277 mam-o
1590 4215 1752 4286 nege,
1767 4212 2109 4265 ..mm-⁷
2126 4211 2306 4273 rorte,
2319 4207 2514 4261 ‹ue-s
2540 4167 2706 4272 ιοςιέ.
