3017 4925
497 380 677 452 lm
902 414 912 423 ·
957 390 962 395 ·
1123 394 1221 445 ..1.
1267 392 1479 445 cenet
1527 386 2062 447 conicum-Anu

505 570 686 614 rone:
737 548 815 610 de
843 547 1059 626 quibus
1087 556 1208 607 tem
1235 542 1619 625 contemptim
1649 539 1938 608 sentiebat
1964 538 2050 621 ut,
2094 538 2356 609 moturus
2395 549 2548 612 inter
2584 552 2722 614 suoi

503 649 760 719 diceret:
807 654 826 682 ‘
842 645 1012 706 Vado
1031 643 1107 705 ad
1136 642 1458 704 exercitum
1487 644 1611 704 sine
1634 644 1811 716 duce,
1832 665 1968 704 mox
1987 654 2242 705 revertar
2256 645 2331 707 ad
2364 645 2580 708 ducem
2600 649 2725 711 sine

502 745 766 806 exercitu
785 748 820 803 :'
866 744 1038 824 [190]
1077 762 1150 802 eo
1193 760 1331 801 vero
1359 740 1646 819 pergenti,
1678 741 1940 801 Massilia
1972 741 2271 803 soederata.
2291 743 2521 816 civitas,
2554 756 2619 807 et
2645 747 2723 807 ab

505 844 635 922 ipso
664 841 957 920 principio
976 838 1255 899 Romanis
1282 837 1663 908 amicissima;
1710 859 1824 899 non
1852 841 1942 899 sui
1970 840 2130 911 odio,
2153 839 2253 900 sed
2281 841 2499 919 ingenti
2527 844 2725 905 studio

506 943 581 1002 R.
608 941 677 999 P.
703 936 1199 1019 'portas‘clausitz
1257 935 1435 1015 'quam
1476 936 1573 995 ille
1600 956 1737 996 cum
1778 938 2085 997 obsidione
2124 939 2421 1011 cinxisset,
2468 942 2724 1003 Decimo

505 1039 692 1099 Bruto
739 1044 1084 1115 cum-parte
1123 1034 1424 1113 copiarum
1469 1036 1925 1113 oppugnandam
1972 1034 2218 1113 linquit:
2286 1037 2415 1114 ipse
2461 1048 2722 1117 coeptum

504 1140 615 1199 iter
657 1152 956 1214 peragens,
997 1133 1070 1192 ad
1125 1133 1436 1210 Hispanias
1490 1134 1676 1192 venit:
1720 1133 1804 1192 ibi
1845 1152 1882 1192 a
1923 1133 2163 1210 Petrejo
2216 1142 2278 1194 et
2332 1133 2581 1195 Afranio
2624 1134 2725 1215 qui

502 1232 678 1312 primi
729 1238 1124 1301 occurrerant,
1182 1229 1401 1288 bellum
1451 1228 1764 1308 incipiens:
1826 1249 1960 1289 cum
2015 1231 2173 1289 nullo
2225 1240 2559 1309 temporum
2606 1233 2725 1292 dis·-

503 1328 743 1390 ‘crimine
770 1347 938 1406 aeque
978 1326 1075 1386 die
1113 1345 1184 1386 ac
1213 1322 1388 1385 nocte
1432 1327 1634 1387 hostes
1662 1326 2097 1406 aggrederetur,
2148 1328 2457 1387 consilium
2498 1328 2725 1389 ducum

502 1427 633 1497 fuit,
663 1424 736 1485 'ne
779 1424 1081 1484 nocturnis
1123 1423 1278 1483 boris
1305 1422 1624 1501 aliquando
1651 1434 1997 1503 pugnarent,
2049 1425 2209 1503 quod
2252 1434 2396 1485 tunc
2430 1445 2618 1504 pavor
2647 1424 2722 1485 ad

503 1521 790 1604 ignaviam
819 1521 1114 1600 impellam
1147 1540 1253 1581 nec
1281 1520 1374 1592 sit,
1405 1520 1506 1599 qui
1534 1521 1822 1581 submotis
1847 1523 2096 1582 testibus
2125 1523 2455 1582 concitatos
2482 1533 2730 1585 revocet

504 1633 685 1699 atque
733 1618 1069 1689 contineam
1121 1619 1255 1677 luce
1301 1617 1596 1696 pudorem
1651 1618 1910 1689 obstare,
1963 1630 2025 1679 et
2072 1620 2290 1679 ducum
2349 1620 2615 1698 imperio,
2664 1618 2729 1684 εἰ

498 1720 756 1799 potentia
783 1717 1148 1776 tribunorum
1189 1725 1371 1795 atque
1419 1716 1827 1777 centurionum
1870 1715 2122 1788 fraenari,
2152 1726 2214 1776 et
2254 1716 2329 1775 ad
2360 1717 2635 1779 virtutem
2664 1728 2727 1780 et

501 1816 577 1875 ad
606 1813 784 1874 fidem
812 1813 1044 1884 retrahi,
1075 1822 1140 1872 ut
1168 1823 1377 1873 contra
1406 1824 1625 1875 metum
1655 1823 2022 1892 mortemque
2051 1814 2454 1875 consisterent.
2538 1816 2726 1877 Caete·

501 1910 629 1973 'tum
659 1911 782 1970 fato
804 1931 895 1970 res
924 1910 1166 1969 bellicas
1193 1912 1487 1982 volvente,
1513 1912 1590 1972 nd
1626 1912 1871 1972 Ilerdam
1903 1912 2193 1990 compuisi
2222 1914 2440 1972 hostes.
2494 1910 2501 1917 ’
2527 1914 2725 1975 Caesar

499 2028 639 2069 vero
668 2008 929 2068 maximis
957 2006 1260 2080 imbribus,
1292 2018 1352 2069 et
1379 2008 1605 2070 diluvio
1633 2029 1939 2089 aquarum,
1973 2008 2194 2087 ingenti
2223 2008 2461 2087 quidem
2490 2010 2572 2070 rei
2602 2011 2724 2072 fru-

500 2104 799 2165 mentariae
842 2105 1041 2183 inopia
1070 2105 1549 2181 circumventus3
1599 2106 1992 2187 perseveravit
2020 2114 2213 2165 tamen
2258 2106 2318 2167 in
2352 2107 2636 2185 incoepto,
2666 2117 2725 2168 et

499 2221 702 2263 omnes
730 2201 1108 2263 difficultates
1147 2203 1271 2263 sola
1315 2215 1376 2264 et
1418 2206 1591 2266 solita
1640 2207 1854 2267 virtute
1896 2204 2212 2284 superavit,
2267 2203 2459 2265 donec
2489 2205 2725 2266 tandem

501 2299 787 2360 'abeuntes
816 2297 1071 2360 ⁷⁸sceleri
1099 2310 1279 2379 atque
1304 2301 1472 2363 arido
1500 2303 1559 2362 in
1594 2312 1789 2363 moute
1812 2302 2222 2381 ‘deprehensos
2262 2301 2516 2371 obsedit,
2543 2311 2726 2381 atque

500 2395 586 2455 ita
607 2395 1015 2470 circumdedit,
1048 2407 1112 2458 ut
1132 2398 1324 2458 nullus
1347 2398 1420 2458 ad
1453 2398 1652 2480 fugam
1680 2399 1868 2459 exitus
1883 2406 2107 2480 pateret
2130 2421 2147 2469 ;
2180 2416 2295 2479 qua
2316 2396 2727 2478 desperatione

501 2493 675 2578 pulsi,
706 2516 843 2556 cum
875 2496 1028 2556 fame
1053 2507 1114 2556 et
1144 2496 1241 2558 siti
1272 2498 1477 2559 ultima
1506 2507 1922 2578 premerentur,
1951 2515 2108 2576 saepe
2143 2514 2449 2574 erumpere
2490 2507 2549 2557 et
2581 2500 2727 2559 mori

503 2591 836 2656 voluerunt.
883 2657 890 2664 ,
923 2594 1158 2663 Quibus
1188 2597 1388 2656 Caesar
1415 2606 1622 2656 contra
1644 2615 1816 2656 suum
1843 2613 2060 2655 morem
2098 2612 2311 2672 pugnae
2340 2593 2574 2671 copiam
2604 2615 2723 2656 non

502 2693 665 2764 fecit,
710 2693 813 2752 sed
858 2691 1012 2753 intra
1057 2692 1408 2752 munitiones
1454 2711 1635 2770 seque
1681 2708 1939 2769 suosque
1979 2689 2305 2750 continuit:
2364 2690 2536 2765 cujus
2582 2691 2724 2753 sacti

501 2800 665 2850 certa
715 2798 841 2847 erat
885 2788 1034 2847 ratio
1070 2808 1087 2848 ι
1147 2787 1424 2865 sperabat
1461 2788 1641 2847 enim-
1665 2806 1767 2846 eos
1811 2785 1889 2846 ad
1942 2798 2201 2847 extrema
2242 2785 2568 2866 perductos
2603 2789 2725 2848 sine

498 2885 711 2964 proelio
757 2885 907 2944 vinci
953 2903 1162 2962 posse:
1225 2903 1334 2944 cur
1364 2884 1537 2962 igitur
1562 2893 1668 2943 aut
1708 2903 1847 2943 suos
1884 2885 2106 2962 optime
2134 2884 2209 2944 de
2256 2904 2320 2945 se
2350 2884 2584 2944 meritos
2611 2883 2726 2945 sibi

505 2980 878 3042 charissimos
921 2980 1197 3059 periculis
1242 2988 1422 3059 atque
1465 2980 1797 3040 vulneribus
1835 2990 2174 3060 exponeret,
2222 2980 2350 3041 sine
2379 2981 2612 3061 quibus,
2658 2991 2723 3042 ut

501 3077 763 3139 secunda
794 3078 912 3138 sint
951 3078 1175 3156 proelia,
1204 3078 1447 3138 victoria
1475 3080 1574 3138 vix
1617 3079 1883 3157 contigit,
1912 3087 1973 3139 et
2015 3078 2267 3138 fortunae
2308 3079 2723 3149 committeret,

501 3175 664 3256 quod
710 3175 1122 3254 expectatione
1149 3195 1508 3255 quamquam
1553 3176 1757 3248 serius,
1788 3176 1968 3238 tutius
2008 3185 2203 3237 tamen
2233 3183 2452 3255 posset,
2483 3195 2620 3236 cum
2650 3176 2727 3237 sit

500 3272 670 3334 ducis
688 3271 948 3333 officium
977 3290 1093 3330 non
1119 3271 1309 3332 minus
1338 3272 1581 3333 consilio
1611 3293 1789 3352 quam
1817 3273 1971 3334 ferro
1991 3273 2067 3333 ad
2100 3274 2399 3333 victoriam
2423 3273 2718 3353 aspirare:

500 3390 571 3431 ex
601 3370 829 3431 diverso
873 3378 1064 3430 autem
1095 3389 1203 3429 cur
1225 3388 1359 3430 -non
1383 3388 1484 3429 eos
1525 3370 1754 3430 vincere
1792 3371 1994 3430 mallet
2021 3389 2197 3447 quam
2220 3368 2519 3441 occidere,
2548 3369 2727 3450 [191]

501 3468 606 3548 qni
631 3468 768 3529 licet
788 3477 986 3529 essent
1024 3466 1359 3540 adversarii,
1383 3466 1541 3527 cives
1569 3477 1771 3528 erant:
1824 3468 1937 3528 boc
1965 3466 2138 3527 ducis
2179 3467 2388 3546 optimi
2413 3468 2724 3529 consilium

500 3567 718 3626 assueti
747 3566 1010 3627 caedibus
1050 3564 1262 3625 milites
1306 3584 1423 3626 non
1451 3566 1797 3638 laudabant,
1828 3564 1931 3625 sed
1962 3565 2211 3625 invicem
2254 3565 2724 3637 murmurabant,

502 3662 665 3742 quod
694 3663 816 3722 dux
842 3683 975 3723 cum
1007 3674 1208 3742 posset
1237 3664 1470 3724 vincere
1498 3673 1814 3735 recusaret,
1844 3683 1907 3723 se
1929 3681 2167 3742 quoque
2186 3661 2356 3722 ducis
2384 3661 2635 3740 imperio
2664 3663 2722 3722 in

500 3758 773 3840 proelium
801 3780 918 3819 non
939 3759 1142 3821 ituros.
1191 3760 1296 3820 lue
1315 3770 1513 3820 autem
1536 3780 1712 3839 quem
1743 3778 1859 3819 non
1888 3759 2059 3820 facile
2081 3780 2170 3820 res
2186 3769 2506 3832 moverent,
2530 3760 2726 3820 verbis

497 3858 797 3929 immotus,
815 3857 876 3916 in
904 3858 1184 3918 sententia
1202 3858 1573 3937 persistebat,
1594 3857 1895 3918 victoriam
1922 3857 2283 3918 incruentam
2308 3875 2583 3935 sperans:
2614 3877 2724 3918 nec

499 3954 706 4015 fefellit
732 3954 961 4034 opinio:
1005 3975 1186 4016 unum
1215 3956 1330 4015 hoc
1352 3956 1569 4017 ⁷⁹inter
1596 3975 1784 4016 mores
1803 3955 2024 4016 accidit
2047 3963 2367 4015 memoratu
2390 3953 2641 4033 dignum
2662 3949 2727 4015 εὶ

499 4049 830 4133 ⁸⁰exiguum
849 4053 1135 4114 Caesareae
1154 4045 1461 4114 ⁸¹levitatis
1477 4052 1760 4114 indicium
1781 4074 1797 4114 t
1832 4052 1973 4114 dum
1995 4052 2147 4113 enim
2169 4052 2319 4112 inter
2337 4062 2536 4130 partes
2553 4050 2723 4111 dedi·

505 4217 522 4238 ι
559 4198 828 4330 vxsaebege,
851 4197 1039 4258 nen-aa,
1071 4202 1215 4262 atque
1233 4197 1530 4248 udum—79
1549 4198 1707 4264 Lege,
1744 4196 1870 4248 inter
1892 4199 2198 4248 moram—80
2230 4196 2388 4261 Lege,
2409 4194 2720 4247 ‹aethium-

493 4282 559 4331 81
664 4279 993 4345 ‘munitatis-
2724 4277 2734 4284 “
