3017 4925
543 403 717 475 1328
1157 464 1168 475 ,
1196 420 1255 469 11.
1300 415 1505 467 cnnst
1564 415 2099 466 contusum-1211

539 573 800 635 facturos
840 570 1199 643 obtulerunt,
1256 577 1434 649 atque
1478 566 1793 646 imperpnti
1841 566 2050 626 milites
2090 565 2361 625 alacriter
2404 569 2761 645 paruerunt:

543 650 762 733 diffuso
809 679 972 730 metu
1015 669 1184 728 simul
1221 678 1283 726 et
1329 666 1484 726 fama
1512 665 1768 736 virtutis,
1810 673 1872 724 et
1905 664 2144 742 vulgato
2188 665 2392 723 horum
2438 663 2517 723 de
2544 664 2765 742 quibus

542 770 797 831 diximus
823 768 982 828 exitu
1007 790 1023 838 ;
1077 776 1307 826 caeterae
1334 782 1539 823 omnes
1569 762 1965 841 sequebantur
1991 759 2250 839 undique
2278 759 2651 821 deditiones:
2698 772 2761 824 et
2822 816 2841 823 -

541 868 586 926 si
617 867 751 943 quis
789 863 1194 944 praefectorum
1237 859 1667 920 contradiceret
1715 857 2058 936 capiebatur
2093 866 2193 916 aut
2233 856 2579 934 pellebatur.
2670 860 2763 919 Ita

542 964 747 1041 pulsus
776 982 847 1021 ex
871 960 1102 1021 Etruria
1125 959 1293 1030 Libo,
1306 958 1601 1017 Thermus
1619 976 1691 1017 ex
1716 955 2192 1027 Umbria,Estnlo
2214 954 2515 1027 Lentulus,
2542 966 2761 1034 captus

543 1062 743 1123 Cnens
773 1060 1007 1138 Magius
1032 1055 1353 1137 ”praefecti
1380 1055 1589 1115 ambo:
1619 1066 1678 1113 et
1708 1074 1841 1115 cum
1866 1052 2100 1131 Magius
2131 1052 2207 1111 ad
2223 1052 2516 1112 Caesarem
2543 1053 2763 1113 ductus

540 1168 712 1229 esset,
743 1178 814 1218 ac
843 1157 1082 1217 fortasse
1112 1152 1470 1232 supplicium
1503 1150 1859 1221 formidaret,
1891 1149 2092 1209 Caesar
2118 1168 2253 1208 eum
2282 1147 2522 1226 placido
2561 1149 2762 1210 animo

542 1255 785 1317 dimisit.
871 1262 889 1287 ‘
919 1255 994 1313 Et
1043 1251 1231 1325 vade,'
1284 1249 1495 1328 inquit,
1551 1256 1569 1282 ‘
1611 1248 1687 1307 ad
1746 1245 2117 1325 Pompejum,
2166 1245 2340 1323 eique
2383 1246 2525 1304 meis
2574 1247 2765 1308 verbis

541 1354 774 1413 nuntia:
837 1350 1114 1431 quoniam
1143 1348 1217 1409 ad
1246 1348 1401 1408 hunc
1432 1346 1587 1405 diem
1632 1363 1750 1405 non
1776 1343 2148 1403 fuerit-nobis
2178 1343 2545 1421 oportunitas
2587 1338 2765 1404 collo-

541 1450 780 1530 quendi,
810 1458 986 1528 atque
1018 1467 1127 1525 ego
1158 1444 1574 1515 Brundusium,
1621 1463 1740 1520 quo
1768 1442 1940 1501 ivisse
1968 1441 2132 1501 illum
2160 1440 2357 1512 audio,
2388 1441 2763 1519 profecturus

542 1567 706 1618 sum;
770 1547 944 1625 [185]
992 1543 1191 1615 credo,
1213 1552 1278 1601 ut
1306 1542 1716 1618 colloquamur
1740 1539 2057 1618 expediens
2088 1538 2342 1616 publicae
2363 1538 2554 1608 saluti,
2587 1541 2764 1618 cujus

541 1664 742 1706 curam
772 1662 968 1721 gerere
997 1640 1246 1700 maxime
1270 1649 1532 1698 nostrum
1559 1648 1670 1698 est.
1740 1638 1875 1697 Non
1905 1645 1993 1696 est
2022 1647 2216 1696 autem
2246 1655 2356 1714 par
2382 1635 2634 1695 effectus
2664 1656 2766 1714 per

539 1742 777 1801 nuntios
807 1739 883 1799 de
925 1737 1270 1817 longinquo,
1291 1746 1473 1814 atque
1501 1735 1652 1803 inter
1665 1743 1981 1814 praesentes
2010 1734 2120 1795 ista
2142 1732 2395 1805 tractari,
2428 1732 2595 1810 quod
2625 1752 2767 1793 con·

541 1836 724 1916 specti
754 1836 946 1895 vultus
987 1843 1049 1895 et
1076 1835 1225 1893 vivae
1253 1853 1428 1893 voces
1476 1833 1552 1892 ad
1598 1833 1917 1893 movendos
1960 1833 2182 1891 animos
2222 1830 2467 1891 multum
2499 1830 2765 1908 possint-²

542 1936 859 2011 Occupato
908 1933 1026 1991 sine
1073 1931 1198 1991 ictu
1238 1930 1415 2008 gladii
1457 1930 1695 1998 Piceno,
1738 1927 2055 1990 Corfinium
2099 1928 2485 2008 progreditur,
2507 1927 2765 2005 opidum

546 2031 957 2109 Pelignorum:
1037 2046 1171 2090 ΧΠ.
1206 2030 1539 2107 ⁵⁸passunm
1593 2026 1813 2087 distans
1859 2048 1891 2086 a
1948 2027 2260 2087 Sulmone:
2320 2025 2486 2104 quod
2536 2024 2766 2088 idcirco

543 2126 808 2199 dixerim,
841 2124 1002 2204 quod
1034 2124 1302 2204 vulgares
1333 2123 1575 2203 quidam
1616 2123 1862 2202 opidum
1906 2132 2112 2201 putant
2159 2142 2283 2183 esse
2342 2123 2764 2185 ⁵⁹Tustorum:

539 2222 626 2282 ibi
646 2222 1029 2283 contentionis
1051 2222 1384 2300 plusculum
1404 2222 1552 2283 fuit:
1595 2223 1888 2300 pendente
1906 2230 2100 2281 tamen
2126 2220 2453 2292 obsidione,
2478 2220 2763 2281 Lentulus

540 2320 775 2399 Spinter
816 2320 994 2380 muris
1037 2339 1323 2398 egressus,
1350 2328 1412 2378 et
1451 2318 1629 2378 finem
1679 2328 1945 2378 metuens
1988 2318 2062 2377 ad
2116 2318 2405 2378 Caesarem
2436 2317 2618 2390 venit,
2650 2319 2760 2379 sibi

533 2426 717 2498 atque
764 2416 1086 2478 intrinsecis
1112 2417 1338 2477 veniam
1390 2426 1611 2495 petens,
1654 2415 1729 2476 ad
1775 2435 1947 2495 quem
1985 2415 2233 2476 Caesaris
2276 2415 2580 2495 responsio
2610 2416 2761 2477 suita

540 2524 557 2549 ⁶
586 2516 725 2576 Non
755 2536 817 2575 se
849 2526 912 2575 ut
941 2515 1219 2593 cuiquam
1268 2514 1645 2574 malefaceret
1686 2514 1930 2585 venisse,
1961 2514 2061 2573 sed
2104 2524 2167 2573 ut
2197 2534 2259 2574 se
2287 2514 2364 2573 ab
2393 2514 2761 2575 inimicorum

541 2612 706 2673 malis
736 2622 914 2691 atque
952 2610 1179 2689 injuriis
1209 2621 1484 2681 tueretur,
1514 2631 1587 2670 ac
1630 2609 1896 2671 tribunos
1922 2611 2111 2689 plebis
2136 2612 2225 2671 sui
2265 2612 2404 2671 odio
2432 2612 2489 2670 in
2520 2612 2760 2672 exilium

538 2719 725 2778 actoS,
740 2708 800 2767 in
828 2726 993 2767 suam
1012 2717 1320 2786 reponeret
1340 2706 1681 2784 dignitatem
1707 2727 1723 2765 ι
1761 2707 2009 2785 denique
2032 2716 2096 2766 ut
2116 2709 2363 2787 seipsum
2386 2728 2458 2768 ac
2472 2710 2760 2787 populum

538 2806 867 2865 Romanum
916 2805 1150 2864 servitio
1196 2812 1255 2863 et
1300 2823 1625 2883 paucorum
1669 2804 1977 2883 tyrannide
2018 2805 2454 2879 conculcatum,
2494 2807 2761 2886 antiqnae

538 2901 811 2961 redderet
831 2900 1088 2961 libertati
1114 2902 1150 2958 ι’
1174 2900 1358 2978 opido
1388 2912 1533 2959 tunc
1559 2910 1807 2978 praeerat
1834 2901 1904 2960 L.
1926 2900 2220 2962 Domitius
2243 2901 2328 2961 vir
2345 2902 2543 2980 magni
2558 2903 2759 2976 animi,

541 2997 643 3056 sed
677 2997 905 3075 exiguas
949 2996 1224 3069 fortunat,
1254 3006 1313 3057 et
1361 2995 1517 3056 bello
1562 3008 1895 3076 promptus,
1943 2999 2044 3058 sed
2092 2998 2417 3060 infaustus:
2474 2999 2523 3059 is
2560 3000 2763 3061 desen-

540 3094 764 3153 sionem
793 3113 1026 3172 parans,
1057 3094 1156 3153 sed
1204 3094 1280 3153 ab
1311 3093 1584 3172 opidanis
1629 3094 1708 3153 ad
1754 3094 2109 3155 deditionem
2153 3104 2413 3167 coactuS,
2446 3115 2585 3155 cum
2616 3098 2763 3158 mori

540 3190 760 3262 mallet,
789 3210 826 3249 a
864 3209 969 3249 suo
1000 3189 1229 3250 medico
1257 3210 1541 3251 venenum
1590 3190 1880 3269 poposcit,
1913 3191 2072 3269 quod
2103 3191 2198 3249 ille
2247 3210 2352 3251 nec
2391 3191 2531 3251 dare
2560 3194 2761 3258 volens

536 3306 647 3347 nec
675 3306 888 3366 negare
914 3307 1105 3361 ausus,
1138 3290 1325 3367 utqui
1355 3289 1577 3348 domini
1608 3308 1796 3349 mores
1824 3299 2043 3358 nosset,
2074 3288 2353 3366 poculum
2384 3290 2761 3354 somniferam

535 3404 647 3462 pro
673 3405 898 3446 veneno
938 3385 1191 3445 obtulit:
1250 3404 1371 3463 quo
1421 3386 1519 3447 ille
1562 3387 1792 3459 hausto,
1821 3387 1983 3464 gravi
2031 3404 2243 3463 sopore
2286 3385 2575 3445 resolutus
2622 3407 2763 3447 con-

539 3482 803 3561 quievit:
860 3491 1233 3560 experrectus
1279 3482 1657 3560 postmodum
1691 3494 1751 3543 et
1790 3481 2057 3542 delusum
2086 3482 2407 3560 intelligens
2431 3501 2515 3553 se,
2544 3484 2763 3564 vixque

536 3598 572 3637 a
600 3598 708 3637 suo
724 3576 983 3639 ⁶0:nanus
1010 3580 1327 3651 abstinens,
1343 3600 1480 3640 cum
1511 3581 1707 3641 multis
1725 3581 2023 3641 nobilibus
2043 3579 2145 3659 qui
2175 3600 2375 3640 secum
2404 3580 2760 3653 sentiebant,

538 3674 773 3734 vinctus
830 3676 906 3734 ad
964 3680 1249 3738 Caesarem
1307 3685 1397 3737 est
1447 3677 1790 3756 perductus,
1851 3678 1995 3737 mori
2039 3686 2343 3755 appetens,
2401 3686 2460 3736 et
2508 3697 2760 3756 perosus

539 3770 755 3832 vitam:
797 3791 968 3849 quem
1002 3774 1203 3834 Caesar
1231 3774 1390 3834 illico
1415 3774 1562 3834 solvi
1580 3774 1788 3850 jussit3
1841 3793 1988 3833 neve
2018 3775 2149 3852 quis
2176 3793 2379 3832 eorum
2410 3792 2446 3832 a
2473 3775 2761 3837 militibus

535 3886 600 3928 re
631 3867 721 3928 vel
749 3867 938 3928 verbis
968 3870 1369 3929 offenderetur
1412 3871 1699 3931 inhibuit:
1758 3882 1996 3950 questus
2047 3871 2407 3950 perbreviter
2432 3871 2599 3949 qnod
2649 3892 2761 3950 pro

540 3966 663 4024 suis
690 3965 1020 4044 ingentibus
1064 3978 1122 4026 et
1150 3967 1207 4025 in
1251 3967 1378 4027 illos
1420 3981 1481 4029 et
1527 3969 1588 4027 in
1632 3969 2052 4048 rempublicam
2082 3967 2352 4027 ⁶¹referre
2386 3968 2602 4028 meritis
2644 3969 2760 4038 sibi

537 4062 796 4122 debitam
825 4063 1070 4141 gratiam
1123 4062 1529 4142 neglexissent,
1560 4074 1620 4125 et
1677 4065 1917 4145 injurias
1946 4078 2007 4126 et
2043 4065 2422 4125 contumelias
2468 4065 2760 4128 indebitas

601 4196 663 4240 ⁶⁷
682 4192 858 4254 Forte,
870 4190 1472 4256 praefectmfabrum.-58
1489 4191 1665 4256 Adde,
1678 4193 1979 4245 millia—69
1993 4194 2150 4258 Lege,
2165 4192 2570 4244 Morum—6⁰
2584 4193 2759 4246 Credo

538 4269 736 4338 deesse,
761 4273 1081 4334 Μαίη-61
1107 4273 1271 4338 Lege,
1293 4273 1478 4324 mei-itis
1499 4272 1697 4333 referre.
