3017 4925
991 1005 1495 1091 QUAEDAM
1537 1008 1823 1085 LOCA

1363 1199 1445 1248 m

445 1361 1107 1460 CAESARIS
1187 1365 2391 1463 COMMENTARIIS

1105 1572 1718 1653 DISCUSSA.

297 1989 524 2059 Multa
552 1994 797 2060 suntin
828 1994 1337 2065 Commentariis
1367 1997 1526 2062 belli
1557 1994 1807 2063 Gallici
1832 1997 2013 2082 apud
2045 1995 2124 2063 C,
2155 1994 2515 2074 Caesarem,

385 2116 542 2180 quae
584 2099 876 2164 nondum
918 2102 1268 2186 explorata
1312 2107 1497 2166 sunt:
1545 2101 1754 2166 multa
1793 2102 1994 2167 etiam
2021 2120 2175 2185 quae
2219 2098 2393 2164 male
2429 2095 2516 2160 ad

381 2206 643 2267 veteres
672 2204 1153 2287 appellationes
1183 2205 1408 2284 relata,
1453 2225 1608 2288 quae
1638 2223 1759 2268 nos
1787 2204 2174 2288 castiganda
2214 2200 2516 2285 suscepi-

380 2322 562 2390 musg
647 2304 1135 2373 Obscuritatem
1179 2310 1380 2374 etiam
1417 2309 1676 2392 peperit
1718 2307 1976 2393 duplex
2022 2307 2389 2392 appellatio
2418 2304 2517 2367 lo-

384 2426 616 2473 corum
664 2409 847 2494 apud
891 2415 1185 2478 veteres:
1242 2415 1320 2477 ut
1370 2409 1639 2476 Scaldis
1699 2416 1767 2476 et
1815 2410 2101 2476 Tabuda
2150 2409 2325 2475 idem
2376 2413 2516 2489 est3

383 2510 678 2578 Phrudis
726 2519 793 2578 et
848 2501 1145 2594 Summa,
1202 2501 1266 2578 liz
1331 2514 1556 2579 riviere
1610 2512 1685 2577 de
1748 2510 2027 2590 Summe,·
2094 2513 2389 2578 Obrinca
2450 2514 2518 2574 ct

385 2611 707 2698 Mosella3
751 2613 983 2682 Araris
1026 2623 1095 2683 et
1139 2618 1443 2702 Sagona3
1505 2618 2047 2701 Bratuspantium
2095 2622 2163 2681 et
2208 2614 2516 2681 Caesaro-

380 2736 642 2801 magus,
688 2717 752 2781 la
797 2718 945 2785 ville
975 2719 1050 2784 de
1080 2719 1399 2810 Beuuvois
1420 2746 1441 2798 ‚-
1507 2723 1817 2787 Bononia
1855 2721 2209 2797 maritima,
2241 2723 2308 2783 et
2348 2715 2518 2781 Ges-

382 2821 708 2888 soriacus.
814 2823 984 2888 ltem
1038 2823 1305 2890 nomina
1355 2825 1755 2910 populorum
1805 2843 1928 2910 pro
1982 2809 2134 2907 ipsa
2195 2821 2382 2898 urbe,
2442 2821 2518 2882 ut

381 2922 634 2990 Parisii
664 2946 788 3009 pro
806 2925 1107 2993 Lutetia:
1151 2926 1454 2993 Turones
1479 2947 1611 3012 pro
1629 2924 2123 2991 Coesaroduno:
2169 2919 2516 2990 Aureliani

379 3047 509 3112 pro
535 3027 841 3108 Genabo,
860 3036 925 3096 et
951 3031 1088 3096 alia
1116 3031 1384 3096 similia.
1473 3030 1625 3096 Nos
1645 3050 1873 3115 pauca
1900 3029 2019 3095 sed
2046 3029 2261 3112 magis
2288 3042 2517 3091 neces-

385 3131 566 3195 saria
592 3131 662 3195 in
689 3131 962 3200 Caesare
987 3133 1456 3199 delibabimus.

291 3279 717 3373 ATUATICI.
804 3300 1214 3368 Atuatucam
1241 3310 1345 3371 est
1370 3306 1529 3370 urbs
1557 3304 1996 3388 Tungrorum,
2020 3320 2173 3385 quae
2197 3304 2263 3364 et
2290 3297 2516 3363 hodie-

293 3425 428 3491 que
464 3402 737 3494 Ttmgres
784 3406 1045 3472 dicitur,
1136 3406 1309 3473 Cum
1352 3427 1397 3472 a
1424 3408 1740 3473 Barbaris
1797 3409 2063 3472 vastata
2106 3407 2302 3479 esset,
2338 3400 2517 3484 epis-

294 3517 587 3594 copatus
615 3511 970 3577 translatus
989 3510 1119 3576 fuit
1139 3513 1209 3576 in
1225 3512 1611 3599 Trajectum
1637 3509 1884 3586 Mosae,
1905 3506 2108 3589 vulgo
2135 3499 2517 3566 Mastriclzt:

293 3612 418 3678 sed
445 3620 514 3678 et
559 3613 675 3678 illa
714 3634 976 3700 quoque
1019 3616 1182 3680 urbe
1228 3635 1272 3680 a
1303 3614 1707 3681 Nol-mannis
1752 3613 2046 3687 incensa,
2078 3607 2516 3693 episcopatus

293 3715 366 3781 in
413 3715 636 3781 vicum
683 3715 913 3782 Sancti
963 3717 1298 3785 Lamberti
1346 3719 1727 3798 traductus;
1791 3714 1910 3800 qui
1954 3713 2152 3779 hodie
2196 3709 2519 3777 Leodium

295 3817 559 3898 dicitur,
602 3818 674 3883 id
720 3826 825 3886 est
871 3821 1288 3904 Hominium,
1340 3824 1505 3909 quia
1533 3826 1710 3886 esset
1756 3819 1839 3883 de
1882 3814 2180 3883 hominio
2222 3819 2290 3880 et
2316 3812 2518 3879 feudo

294 3919 628 4006 Episcopi
682 3923 1107 4007 TungrensiS.
1217 3925 1300 3990 In
1353 3923 1674 3991 Conciliis
1732 3919 2104 3988 Gallicanis
2159 3918 2520 4002 episcopus

292 4022 745 4110 Trajectensis
803 4047 928 4112 pro
983 4026 1399 4112 Tungrorum
1456 4028 1782 4112 episcopo
1836 4023 2093 4107 legitur.
2182 4017 2366 4083 Cave
2420 4019 2520 4082 in-

288 4125 561 4209 telligas
616 4127 1004 4215 Trajectum
1062 4128 1264 4208 Reni,
1322 4128 1524 4213 vulgo
1591 4123 1874 4190 Utrecht.
1994 4120 2517 4196 BekkeselenuS,
2632 4201 2647 4208 ι

293 4247 431 4311 quo
457 4228 682 4294 nullus
729 4234 1109 4298 mortalium
1162 4232 1375 4316 magis
1422 4232 1672 4296 abusus
1715 4234 1820 4294 est
1860 4232 1926 4292 et
1966 4223 2226 4308 ingenio
2269 4226 2336 4287 et
2379 4221 2520 4288 otio

295 4347 445 4411 suo,
485 4331 765 4399 multum
795 4334 1015 4416 sudat,
1058 4339 1135 4401 ut
1177 4332 1585 4420 persuadeat
1626 4329 1988 4399 Atuaticos
2018 4325 2318 4393 Caesaris
2367 4342 2518 4390 esse
