3017 4925
894 410 994 458 nn
1040 407 1220 458 vrrs
1263 407 1469 458 snm
1516 407 1871 460 cAESAms.
2301 394 2473 464 1691

269 553 385 634 ejiis
408 553 603 634 pretio
651 554 980 632 persolutis
1024 553 1281 614 libertati
1328 553 1593 614 redditus
1639 552 1874 625 suisset;
1918 554 2104 616 classe
2146 554 2299 618 illico
2327 578 2474 619 con·

272 651 472 729 quisita
497 650 634 710 illos
664 651 870 731 attigit
893 650 1416 730 apprehenditque.
1504 651 1572 709 ln
1603 651 1820 729 quibus
1857 653 1987 729 jam
2025 662 2149 712 tum
2181 666 2473 718 secuturas

274 749 535 809 ‘levitatis
559 769 635 809 ac
662 748 997 809 clementiae
1026 758 1264 826 gustum
1292 745 1477 807 dedit.
1562 747 1714 806 Nam
1743 766 1878 807 cum
1907 760 1966 808 et
1995 760 2190 809 sontes
2218 752 2474 829 plectere

275 855 334 906 et
347 847 747 926 juramentum
780 864 1016 905 servare
1040 843 1226 904 fixum
1250 856 1439 914 esset;
1468 844 1709 903 modum
1733 848 2087 926 excogitavit
2107 868 2229 927 quo
2250 858 2475 912 utrum-

279 962 389 1022 que
432 943 651 1004 leviore
692 942 981 1024 supplicio
1011 943 1422 1021 compleretur.
1506 944 1713 1020 Itaque
1746 941 2006 1020 jugulari
2046 945 2178 1005 illos
2205 947 2474 1025 primum,

279 1050 410 1119 post
433 1040 732 1100 exanimes
755 1040 1032 1100 crucibus
1051 1039 1234 1117 jussit
1261 1039 1445 1119 affigi3
1491 1059 1600 1099 nec
1629 1059 1736 1117 per
1757 1041 1937 1100 otium
1976 1051 2168 1102 tamen
2204 1044 2476 1122 publicas

278 1157 367 1198 res
393 1137 670 1216 neglexit.
751 1136 1097 1197 Mithridate
1127 1139 1279 1197 euim
1307 1139 1505 1197 Asiam
1535 1136 1843 1197 infestante
1872 1140 2263 1200 continentem
2292 1150 2480 1201 trans-

279 1253 519 1312 gressus,
549 1234 918 1313 congregatis
945 1233 1195 1307 auxiliis,
1235 1233 1410 1294 etiam
1438 1232 1786 1313 praefectum
1814 1234 1965 1313 regis
1993 1235 2135 1296 Asia
2158 1235 2390 1315 pepulit
2415 1244 2478 1296 et

277 1329 641 1406 provinciam
665 1330 1044 1391 conservavit.

354 1426 467 1487 His
496 1425 653 1487 actis
680 1428 926 1488 Romam
953 1426 1148 1498 rediit,
1177 1426 1519 1506 primusque
1545 1427 1630 1486 illi
1659 1427 1847 1488 honos
1872 1426 1986 1487 fuit
2011 1426 2344 1488 tribunatus
2372 1429 2479 1489 mi·

280 1522 461 1596 litum,
509 1526 573 1584 in
619 1544 740 1602 quo
768 1523 1004 1604 quidem
1036 1524 1400 1585 imminutam
1439 1544 1475 1584 a
1508 1525 1672 1585 Sulla
1709 1526 2075 1587 tribunitiam
2123 1532 2477 1604 potestatem

280 1619 580 1680 restituere
608 1640 836 1681 summo
862 1621 1060 1682 studio
1086 1622 1247 1682 nisus
1274 1629 1384 1681 est.
1469 1621 1615 1682 Inde
1644 1632 1905 1700 quaestor
1940 1622 2273 1683 ulteriorem
2313 1621 2480 1683 sorti·

282 1727 371 1776 tus
410 1717 782 1796 Hispaniam,
811 1715 972 1798 apud
1021 1717 1227 1779 Gades
1277 1720 1335 1777 in
1378 1718 1600 1796 templo
1649 1720 1924 1780 Herculis
1969 1719 2121 1779 forte
2157 1717 2478 1779 Alexandri

282 1814 628 1876 Macedonis
655 1818 1085 1896 contemplatus
1112 1816 1443 1896 imaginem,
1465 1816 1842 1877 vehementer
1861 1816 2128 1889 indoluit,
2150 1815 2309 1895 qnod
2337 1834 2479 1876 cum

287 1920 457 1972 etate
481 1913 601 1984 illa,
630 1934 806 1993 quam
847 1915 972 1993 ipse
1011 1923 1153 1974 tunc
1180 1924 1399 1995 ageret,
1428 1914 1762 1975 Alexander
1802 1914 1860 1974 in
1897 1914 2045 1974 fines
2071 1923 2239 1974 terrie
2263 1912 2478 1974 famam

284 2009 371 2068 sni
411 2009 662 2070 nominis
702 2011 1079 2084 extendisset,
1121 2030 1158 2071 a
1212 2031 1273 2070 se
1316 2010 1459 2069 nibil
1504 2009 1703 2071 adbuc
1750 2010 1993 2089 dignum
2031 2011 2214 2091 gloria
2253 2018 2480 2088 gestum

281 2114 457 2166 esset:
498 2105 833 2168 missionem
876 2107 1054 2187 igitur
1099 2127 1135 2167 a
1177 2117 1383 2168 senatu
1427 2107 1614 2186 petiit,
1643 2107 1888 2187 cupiens
1931 2126 2061 2167 esse
2102 2105 2205 2166 ubi
2251 2103 2486 2183 majoris

281 2199 450 2260 famas
477 2203 786 2263 materiam
811 2203 1114 2264 inveniret.
1185 2203 1318 2284 [10]
1347 2205 1604 2264 Romam
1629 2224 1896 2265 reversus
1916 2201 2080 2264 soedo
2093 2202 2256 2263 illico
2282 2200 2484 2262 turba-

285 2306 372 2358 tus
394 2306 491 2359 est
534 2300 784 2373 somnio,
822 2300 978 2360 visus
1024 2300 1137 2359 sibi
1177 2299 1470 2360 dormiens
1511 2320 1644 2360 cum
1690 2311 1872 2361 matre
1912 2271 2296 2361 (concubere.
2376 2298 2485 2358 Est

282 2395 407 2456 baec
435 2397 677 2477 quidem
724 2418 839 2458 una
864 2398 1224 2459 miseriarum
1270 2398 1679 2458 humanarum:
1723 2407 1788 2458 ut
1833 2395 2098 2477 quamvis
2142 2415 2342 2457 verum
2384 2393 2481 2467 sit,

282 2494 438 2573 qnod
468 2496 555 2556 ait
595 2496 824 2569 Cicero,
855 2497 1134 2577 quodque
1176 2497 1254 2557 de
1295 2498 1557 2557 Homero
1584 2496 1817 2569 scribit;
1863 2496 2016 2573 ⁷ejus
2045 2495 2388 2574 plerumque
2412 2511 2485 2552 ea

278 2590 474 2651 videre
496 2592 860 2655 dormientes
884 2595 962 2655 de
990 2593 1205 2674 quibus
1233 2594 1553 2674 saepissime
1573 2593 1880 2671 vigilantes
1901 2593 2016 2652 sint
2041 2590 2195 2651 soliti
2222 2590 2484 2667 cogitare

280 2698 337 2749 et
358 2689 555 2768 loqui:
604 2699 729 2751 tum
754 2690 899 2752 illud
928 2711 1170 2771 quoque
1196 2692 1555 2754 verissimum
1583 2700 1688 2763 est,
1718 2691 1906 2751 solere
1934 2709 1997 2749 se
2023 2687 2208 2769 quieti
2236 2684 2485 2746 ¹³bomini

282 2785 536 2864 ingerere
558 2787 803 2848 visiones
827 2788 1016 2850 foedas
1043 2809 1115 2850 ac
1144 2790 1404 2852 turbidas
1430 2798 1546 2849 eta
1568 2788 1892 2849 somniante
1919 2785 2113 2846 anima
2129 2783 2484 2865 peregrinas,

284 2892 346 2943 ut
370 2883 537 2962 quod
569 2904 870 2965 nunquam
901 2887 1205 2966 vigilantes
1226 2887 1572 2966 cogitarent,
1597 2897 1659 2948 et
1699 2886 1860 2967 quod
1890 2883 2086 2965 potius
2115 2900 2291 2962 quam
2321 2881 2483 2941 face-

285 2991 408 3041 rent
440 2982 595 3041 mori
624 2991 916 3061 optarent,
945 2984 1238 3063 consopiti
1265 2983 1489 3044 ⁹fscere
1513 2983 1837 3054 videantur,
1864 2981 2083 3061 rejecta
2119 2980 2195 3040 ad
2242 2978 2485 3057 conjec-

285 3076 463 3139 tiones
485 3079 729 3140 visione.
811 3080 927 3154 Illi,
957 3091 1022 3142 ut
1051 3101 1303 3161 quorum
1331 3082 1562 3140 vafrum
1590 3081 1887 3158 fallaxque
1906 3087 1999 3140 est
2022 3075 2352 3148 artificium,
2381 3094 2485 3135 ex-

286 3174 499 3236 timatis
539 3175 723 3237 credo
762 3178 868 3238 viri
910 3179 1177 3240 moribus
1212 3199 1285 3239 ac
1310 3189 1538 3253 natura,
1565 3187 1958 3240 consentanea
1984 3171 2484 3253 interpretatione,

285 3273 591 3351 magnalia,
637 3284 1031 3355 terrarumque
1056 3276 1217 3337 orbis
1259 3276 1566 3354 imperium
1595 3272 1912 3354 significari
1940 3272 2165 3333 somnio
2185 3270 2485 3340 dixerunt,

290 3370 445 3448 quod
474 3390 548 3430 ea
572 3370 802 3433 scilicet
827 3392 1001 3452 quam
1032 3372 1143 3433 sibi
1169 3373 1463 3434 subditam
1495 3372 1817 3443 habuisset,
1841 3370 1924 3430 nil
1947 3377 2100 3430 esset
2123 3365 2281 3426 aliud
2304 3383 2484 3447 quam

288 3474 435 3526 terra
474 3487 685 3547 parens
730 3469 991 3548 publica,
1034 3470 1139 3542 sic,
1168 3480 1233 3530 ut
1260 3470 1589 3548 perbibent,
1632 3468 1708 3528 ad
1737 3466 2149 3545 amplissimam
2191 3480 2350 3540 spem
2397 3460 2487 3519 in-

289 3563 632 3625 citaverunt.
716 3567 894 3637 Quod
943 3586 1054 3647 ego
1102 3570 1297 3646 potius
1338 3588 1530 3640 narro,
1562 3586 1743 3645 quum
1784 3565 1871 3624 sic
1918 3563 1996 3623 ab
2031 3560 2158 3621 aliis
2198 3560 2484 3639 scriptum

290 3662 427 3736 scio,
455 3682 632 3741 quam
663 3665 823 3742 quod
860 3684 1058 3724 verum
1086 3665 1339 3742 credam,
1382 3666 1570 3725 virum
1610 3664 1759 3725 tanti
1785 3659 1983 3734 animi,
2012 3666 2307 3736 tantaeque
2352 3670 2490 3736 pru-

295 3758 527 3830 dentiae,
551 3759 629 3820 ad
658 3760 996 3823 immensam
1040 3781 1208 3841 spem
1238 3761 1466 3822 somnio
1494 3759 1670 3833 inani,
1698 3767 1758 3819 et
1800 3767 2094 3817 nocturno
2120 3754 2486 3825 fantasmate,

294 3865 396 3917 aut
421 3857 662 3917 omnino
689 3858 1103 3919 circulatorum
1153 3844 1612 3919 ¹⁰fatacinnculis
1658 3855 1996 3924 incitatum;
2039 3851 2115 3912 ad
2158 3869 2339 3930 quam
2382 3850 2489 3910 im-

295 3953 566 4033 plendam
594 3963 820 4034 quanto
846 3954 1097 4035 ingenio,
1127 3956 1359 4037 quantis
1385 3954 1611 4015 bellicis
1639 3952 1877 4024 artibus,
1905 3947 2137 4029 quantis
2161 3945 2486 4019 laboribus,

359 4120 389 4166 5
412 4117 568 4182 Lege,
581 4116 908 4168 lenitatis—6
916 4119 1086 4185 Lege,
1102 4118 1412 4171 concumbere.
1413 4123 1512 4169 -7
1533 4118 1706 4183 Forte,
1718 4116 1939 4166 honines.
1939 4116 2037 4161 -8
2051 4111 2224 4174 Forte,
2235 4107 2488 4158 liminum.

304 4201 395 4247 *⁰
414 4198 553 4263 1²80
573 4204 629 4248 Εἴ
648 4198 927 4264 diffingue,
937 4199 1105 4263 faeere
1120 4202 1390 4255 edentur.
1444 4201 1643 4265 Meo-ta
1661 4201 1724 4250 ed
1742 4190 2230 4260 conjector-avinione,
2241 4189 2332 4255 ἔω,
2348 4193 2422 4242 ιι.
2419 4215 2490 4228 --

305 4284 364 4330 ιθ
391 4280 565 4346 Forte,
592 4279 892 4335 odiam
