3017 4925
496 386 674 456 Isse
1143 396 1204 450 s.
1251 396 1466 449 onnst
1516 396 2052 449 comunnuan

496 573 610 617 nn·
631 561 694 615 et
718 551 1004 631 Lingones
1028 550 1456 631 Treverosque,
1495 559 1558 612 et
1581 552 1711 611 illos
1738 550 1979 630 quidem
2022 548 2168 610 duos
2213 547 2470 609 amicifia
2522 546 2717 610 coatia

500 650 630 711 nuit
676 652 1096 721 Romanorum,
1151 648 1325 727 [151]
1376 650 1484 709 hos
1532 649 1733 709 tertios
1787 650 2049 709 locorum
2104 646 2404 718 distantia,
2448 655 2513 706 et
2567 664 2713 706 suus

501 748 689 818 labor,
718 745 765 782 ⁸⁵
786 764 962 824 quam
987 745 1322 824 patiebatur
1344 766 1417 806 eo
1445 755 1709 825 tempore
1736 744 1816 804 ab
1854 744 2188 804 incursibus
2231 745 2706 804 Germanorum-s

508 864 644 925 quae
670 863 762 905 res
789 854 916 903 toto
948 843 1074 901 illos
1116 841 1270 903 bello
1305 842 1530 903 medios
1557 842 1762 914 tenuit,
1812 853 1878 901 ut
1922 841 1981 900 in
2029 851 2294 903 neutram
2351 850 2577 920 partem
2622 840 2717 899 in-

508 941 812 1001 clinarent.
916 941 986 998 ln
1029 957 1102 997 eo
1150 957 1289 998 sane
1334 938 1576 999 consilio
1631 938 1943 998 commissa
1999 939 2328 1016 quaestione
2382 935 2719 1015 suffragiim

509 1056 799 1098 consensu
835 1037 1094 1097 omnium
1145 1035 1500 1116 populorum
1529 1035 1969 1115 Vercingetorix
2011 1036 2148 1096 belli
2189 1036 2312 1096 dux
2340 1034 2711 1095 decernitur:

510 1135 682 1213 cujus
706 1133 924 1194 decreti
949 1133 1173 1212 pudore
1200 1133 1371 1193 simul
1407 1153 1479 1193 ac
1505 1153 1753 1194 moerore
1780 1133 2130 1193 consternati
2172 1133 2382 1193 AEdui:
2423 1141 2489 1192 et
2528 1152 2563 1191 e
2606 1150 2715 1210 spe

511 1231 785 1310 improba
809 1229 1053 1308 dejecti,
1096 1241 1218 1291 tum
1245 1232 1492 1309 primum
1527 1240 1589 1291 et
1613 1249 1968 1310 cognoscere
2004 1231 2294 1291 Caesarem
2322 1238 2632 1308 coeperunt
2656 1238 2719 1289 et

513 1328 807 1391 fortunam
839 1347 1001 1388 suam
1027 1348 1043 1387 t
1073 1349 1192 1388 non
1232 1338 1425 1389 tamen
1451 1330 1531 1390 ab
1557 1329 1820 1409 incoepto
1846 1328 2064 1390 resilire
2089 1329 2241 1400 ausi,
2263 1326 2399 1386 binc
2442 1326 2719 1396 Caesaris,

515 1427 652 1488 binc
698 1428 1002 1489 Gallorum
1053 1438 1244 1488 metu:
1290 1438 1413 1489 tum
1461 1429 1722 1507 primum
1771 1446 2010 1507 quoque
2058 1425 2267 1486 tumidi
2314 1423 2724 1484 adolescentes

514 1527 874 1607 Eporedorix
907 1536 969 1587 et
996 1527 1394 1587 Viridomarus
1423 1525 1799 1605 indignantes
1826 1544 2143 1605 agnoscere
2169 1530 2505 1604 potuerunt,
2533 1541 2727 1601 quan·

516 1634 582 1686 to
601 1635 753 1685 esset
779 1624 1078 1685 honestius
1101 1624 1214 1683 sub
1242 1626 1475 1684 Caesare
1518 1623 1620 1683 tali
1647 1623 1791 1696 viro,
1820 1633 1884 1683 et
1919 1622 1995 1683 de
2031 1623 2115 1683 eis
2158 1622 2242 1681 ita
2290 1620 2498 1682 merito
2540 1639 2728 1697 quam

521 1723 638 1783 sub
653 1721 1125 1800 Vercingetorige
1152 1721 1430 1781 adversus
1455 1721 1746 1782 Caesarem
1775 1720 2046 1781 militare.
2105 1721 2243 1799 Ipse
2272 1727 2471 1778 autem
2494 1715 2730 1796 pridem

519 1818 732 1888 factus,
775 1820 933 1877 nunc
953 1816 1230 1886 resectus,
1260 1816 1543 1896 quodque
1579 1828 1669 1878 est
1710 1817 1939 1888 fortius,
1969 1814 2410 1876 ⁸⁶contentione
2448 1812 2735 1875 reforma·

521 1914 634 1976 tus'
658 1915 972 1996 imperator
1010 1914 1480 1992 Vercingetorix;
1527 1932 1634 1973 suo
1674 1915 1803 1993 jam
1848 1913 2063 1974 certior
2101 1913 2178 1973 de
2226 1922 2401 1983 statu,
2440 1910 2563 1990 agit
2596 1912 2732 1989 jam

521 2021 736 2073 cuncta
759 2010 1071 2073 fidentius:
1116 2009 1412 2090 edicitque
1444 2012 1717 2072 omnibus
1746 2013 2109 2090 utequitum
2153 2020 2375 2071 certum
2420 2022 2734 2069 numerum

522 2107 862 2180 conficiant,
900 2110 1487 2188 obtemperatumque
1528 2109 1687 2170 illico
1724 2119 1836 2169 est:
1880 2108 2215 2187 quindecim
2262 2105 2419 2166 milia
2461 2105 2735 2184 equitum

524 2203 708 2266 fuisse
725 2205 868 2266 satis
896 2206 1206 2266 convenit:
1248 2205 1517 2286 peditatu
1544 2227 1682 2268 sane
1718 2227 1835 2267 uon
1863 2207 1978 2267 alio
2006 2225 2196 2287 ‘quam
2220 2223 2398 2284 quem
2428 2203 2739 2263 habuisset

528 2320 679 2381 opus
703 2322 826 2363 esse
854 2302 1147 2382 professus
1174 2313 1280 2376 est,
1312 2304 1417 2382 qui
1443 2306 1784 2385 octuaginta
1811 2304 2028 2365 milium
2074 2311 2238 2364 erat:
2280 2320 2395 2362 non
2438 2321 2501 2361 se
2532 2308 2737 2360 tamen

528 2400 716 2478 proelii
763 2400 1061 2461 fortunam
1107 2399 1245 2461 totis
1298 2400 1389 2461 his
1443 2401 1632 2482 copiis
1683 2409 2080 2481 experturum,
2136 2416 2327 2480 neque
2375 2416 2498 2457 rem
2550 2396 2739 2475 justa

530 2498 975 2560 commissurum
1029 2498 1178 2559 aciei
1218 2499 1659 2580 Vercingetorix
1714 2499 1952 2578 ajebat:
2011 2497 2113 2559 sed
2169 2516 2349 2577 quum
2404 2493 2744 2555 abundaret

529 2595 816 2676 equitatu,
885 2598 1185 2658 Romanos
1239 2597 1464 2677 pabulo
1530 2600 1926 2669 exclusurum,
1980 2607 2160 2675 atque
2216 2594 2302 2654 ita
2342 2593 2498 2652 viros
2559 2591 2740 2652 armis

530 2693 799 2765 invictos,
841 2694 1034 2755 inedia
1070 2714 1144 2755 ac
1192 2694 1349 2755 same
1385 2695 1677 2756 victurum
1709 2714 1725 2754 t
1775 2714 1966 2772 neque
2003 2712 2195 2752 arcere
2258 2692 2487 2751 hostem
2531 2709 2569 2750 a
2615 2689 2742 2750 fru-

532 2790 741 2851 mentis
808 2801 1060 2862 tantum‚
1128 2792 1228 2852 sed
1284 2792 1578 2853 frumenta
1632 2793 1765 2872 ipsa
1818 2808 2197 2868 corrumpere
2263 2787 2381 2847 suis
2436 2805 2746 2865 persuase-

533 2895 645 2947 rat.
727 2887 779 2926 ⁸⁷
799 2889 898 2947 Sic
954 2888 1191 2967 privatis
1231 2889 1651 2968 temporalibus
1702 2885 2087 2949 incommodis
2140 2893 2486 2964 perpetuam
2544 2882 2747 2962 publi·

536 3002 671 3044 cam
692 2982 1024 3044 libertatem
1054 2986 1236 3064 quaeri
1266 2987 1578 3047 dictitans:
1620 2995 1682 3046 et
1703 2995 1827 3045 erat
1856 2981 2270 3045 tumultuarius
2312 2981 2631 3058 imperator
2654 2999 2755 3039 ora

539 3079 774 3140 dinariis
801 3081 958 3140 curis
1004 3082 1436 3155 intentissimus,
1467 3082 1635 3161 quasi
1661 3081 1927 3160 legitimis
1952 3079 2103 3138 bene
2140 3086 2383 3138 moratae
2411 3075 2747 3155 cujuspiam

535 3176 877 3256 reipublicae
904 3178 1189 3254 suffragiis
1215 3178 1290 3239 ad
1321 3178 1628 3257 imperium
1654 3178 1705 3213 ⁸⁸
1718 3175 2091 3237 accidissent.
2176 3172 2337 3234 Inter
2359 3172 2473 3231 alia
2500 3172 2747 3250 quidem

540 3272 941 3352 Allobrigibus
960 3273 1200 3344 bellum,
1222 3273 1383 3352 quod
1403 3272 1828 3355 cum-Romanis
1849 3272 2055 3332 sentire
2081 3291 2182 3330 eos
2203 3270 2576 3349 opinabatur,
2598 3266 2753 3328 indi-

536 3370 710 3442 cavit,
740 3371 914 3449 [152]
937 3391 1168 3451 unaque
1207 3391 1346 3431 cum
1376 3372 1553 3442 bello,
1595 3371 1816 3430 animos
1853 3388 2051 3429 eorum
2090 3365 2503 3427 secretioribus
2531 3363 2750 3425 nuntiis

539 3484 612 3526 ac
637 3469 939 3544 promissis
980 3478 1173 3530 tentat
1206 3468 1556 3549 ingentibus,
1578 3468 1632 3504 ⁸⁹
1643 3467 1921 3549 princeps
1969 3464 2253 3544 perviam,
2294 3462 2596 3524 civitatem
2639 3462 2752 3521 im·

539 3563 703 3643 perio
729 3567 1086 3644 provinciam
1132 3578 1202 3627 ut
1228 3566 1388 3647 quod
1417 3586 1536 3627 una
1566 3586 1679 3626 non
1706 3565 1898 3645 possit
1921 3562 2133 3623 ⁹0alter
2154 3568 2547 3639 consequatur
2571 3559 2752 3621 viam.

544 3660 683 3720 Hoc
708 3661 981 3722 adversus
1007 3664 1365 3744 Allobrogas
1397 3664 1618 3725 bellum
1657 3662 1866 3723 AEduis
1894 3658 2248 3721 committit:
2292 3658 2397 3736 qui
2437 3657 2751 3734 congresu‘,

543 3758 745 3818 multis
780 3778 1017 3819 suorum
1046 3760 1422 3831 obtruncatis,
1450 3760 1764 3820 amicitiam
1795 3760 2119 3818 Romanam
2155 3753 2355 3814 utilem
2393 3751 2576 3813 fnisse
2620 3772 2753 3813 sen-

545 3864 766 3925 serunt,
786 3855 895 3915 sub
924 3876 1042 3935 qua
1068 3856 1296 3917 dudum
1327 3855 1597 3916 honorati
1619 3853 1921 3934 quietique
1938 3854 2223 3912 vixerant.
2308 3849 2508 3909 Caesar
2530 3848 2757 3909 nutem

541 3950 603 4011 in
632 3953 932 4031 Sequanos
959 3950 1376 4030 proficiscitur:
1422 3949 1594 4028 cujus
1641 3949 1751 4009 iter
1775 3947 2220 4028 Vercingetorix
2247 3945 2447 4024 fugam
2475 3953 2656 4013 ratus,
2674 3944 2753 4004 ad

632 4101 696 4146 8⁵
750 4071 912 4161 Lege,
953 4099 1076 4162 qnod
1106 4098 1588 4161 premebant—86
1639 4100 1817 4161 Forte,
1856 4095 2296 4148 conmotam—8⁷
2351 4091 2531 4154 Forte,
2572 4088 2756 4140 His.—

546 4180 613 4228 88
644 4177 807 4307 Ιὲἰςο,
832 4177 1247 4230 mentua—ss
1279 4180 1454 4245 Forte,
1480 4178 1718 4246 principes
1747 4177 2093 4245 peculim—0⁰
2128 4176 2290 4240 Lege,
2326 4172 2483 4224 atem
2510 4183 2756 4236 w

548 4262 632 4307 tnr-
744 4292 758 4308 .
1614 4295 1619 4300 .
1752 4267 1757 4272 ·
