3017 4925
923 419 1023 469 nn
1069 419 1248 467 viu
1302 418 1509 469 mun
1555 420 1911 472 cssssms.
2341 402 2517 475 1813

305 590 434 632 eum
458 570 708 633 duabus
737 571 1064 651 legionibus
1087 572 1453 654 dirigendum
1480 573 1706 637 statuit.
1789 572 2146 654 “Sapei-ant
2182 581 2391 647 tamen,
2446 580 2519 636 ut'

305 689 374 727 ex
403 668 629 747 magnis
672 670 1118 748 aegritudinibus
1147 671 1338 732 solent
1363 671 1611 732 dolores
1644 673 1823 752 aliqui
1871 672 2285 746 membrorum,
2327 672 2410 733 sie
2437 693 2512 734 ex

305 765 578 841 gravibus
629 766 799 827 bellis
846 768 1203 847 privatorum
1252 771 1555 831 hominum
1584 771 2123 851 singularessnotns
2148 791 2221 830 ex
2270 770 2383 831 hac
2410 780 2522 832 ant·

307 863 402 922 illa
431 865 582 925 urbe
612 864 990 944 migrantium
1019 867 1310 945 sedesque
1345 867 1718 940 mutantium,
1766 867 1984 928 nullam
2030 868 2203 929 aliam
2247 869 2331 928 ob
2371 887 2515 928 ean·

306 979 448 1027 sam.
493 981 675 1040 quam
709 971 775 1023 ut
823 963 1154 1024 Romanum
1185 963 1492 1043 imperium
1519 965 1933 1036 detrectarent,
1978 965 2077 1025 cui
2120 984 2232 1025 nec
2274 965 2511 1029 obstare

307 1068 604 1134 poteraut,
651 1079 762 1121 nec
803 1061 1024 1139 subjici
1045 1059 1447 1142 ⁶⁷dignantur.
1532 1064 1708 1142 Fuga!
1738 1062 2061 1124 remedium
2088 1062 2237 1122 inter
2260 1061 2513 1123 difficul-

306 1164 457 1216 tates
486 1155 814 1238 elegerant.
897 1161 1024 1220 llos
1053 1170 1249 1222 motus
1269 1179 1458 1241 neque
1486 1161 1800 1242 comprimi
1822 1181 2041 1241 magno
2082 1180 2233 1240 opus
2262 1181 2513 1241 appara·

307 1265 390 1322 tu,
436 1273 636 1332 neque
677 1256 920 1319 omnino
945 1257 1160 1336 negligi
1207 1259 1516 1320 consilium
1543 1268 1689 1331 emt,
1728 1259 2113 1339 quamobrem
2140 1258 2404 1339 dividere
2433 1259 2510 1318 le-

306 1350 508 1426 giones
536 1351 652 1411 sub
679 1352 884 1430 legatis
911 1373 1013 1432 per
1039 1364 1301 1415 extrema
1340 1355 1667 1416 Galliarum
1708 1356 1928 1426 statuit,
1977 1356 2192 1435 quibus
2220 1366 2291 1419 et
2309 1355 2509 1435 sugam

305 1448 638 1517 rebellium,
684 1460 746 1510 et
769 1450 1027 1530 ‘injurias
1075 1451 1333 1513 fidelium
1371 1452 1680 1513 inhiberet.
1764 1454 1901 1523 Quo
1929 1452 2089 1513 facto
2118 1452 2242 1532 ipse
2271 1451 2508 1531 quidem

303 1545 376 1605 ad
415 1546 737 1609 vastandos
766 1549 857 1609 sui
901 1548 1130 1628 antiqui
1159 1549 1341 1610 bostis
1383 1550 1742 1631 Ambiorigis
1781 1551 2123 1612 Eburonum
2171 1551 2319 1628 regis
2367 1546 2513 1608 fines

305 1640 739 1720 proficiscitur:
782 1666 954 1724 quem
1003 1666 1196 1727 neque
1242 1647 1416 1707 armis
1447 1649 1679 1709 vincere
1728 1668 1955 1728 semper
1980 1649 2187 1727 proelio
2214 1647 2512 1708 abstinen-

233 1760 238 1765 ·
304 1751 444 1810 tem,
474 1759 672 1820 neque
700 1763 878 1805 cursu
905 1745 1138 1823 assequi
1163 1764 1318 1822 sepe
1346 1743 1487 1824 fuga
1505 1745 1793 1825 praecipiti
1813 1745 1926 1805 sibi
1947 1747 2216 1825 elapsum
2244 1764 2519 1824 speram,-

302 1839 632 1902 extimabat
655 1842 922 1903 vastitate
969 1840 1172 1904 finium
1199 1861 1273 1903 ac
1309 1839 1657 1903 “damnum
1705 1843 1791 1904 sic
1837 1843 2087 1903 invisum
2135 1843 2342 1921 patriae
2390 1863 2508 1901 suae

304 1935 519 2009 faeere,
553 1948 620 1998 ut
648 1958 940 2001 consensu
966 1940 1182 2001 civium
1224 1940 1360 2002 belli
1388 1951 1601 2002 auctor
1631 1950 1915 2022 perpetuo
1937 1941 2288 2020 plecteretur
2313 1940 2519 2010 exilio,·

299 2046 360 2094 et
385 2035 514 2113 ipse
541 2035 770 2098 interim
799 2038 890 2097 vel
930 2038 1138 2100 amicis
1163 2058 1361 2118 opem,
1411 2040 1504 2099 vel
1522 2094 1527 2098 .
1548 2039 2072 2118 hostibuszpestem
2104 2038 2366 2118 aliquam
2396 2036 2503 2096 im·

301 2141 607 2211 portaret:
647 2134 833 2213 copiis
859 2132 914 2174 ⁶⁹
928 2154 1174 2215 usquam
1205 2134 1464 2208 diffusis,-
1509 2147 1821 2217 utrumque
1849 2137 2041 2197 votive
2067 2135 2325 2196 accidit:
2370 2153 2523 2194 uam.

301 2240 360 2289 et
389 2228 540 2291 fines
586 2231 942 2310 Ambiorigis
987 2231 1185 2294 multis
1212 2234 1401 2313 captis
1440 2235 1729 2315 caesisque
1759 2233 2100 2297 mortalibus
2127 2233 2281 2293 ferro
2329 2241 2523 2311 atque·

299 2326 432 2406 igne
484 2326 764 2400 vastavit,
817 2338 878 2389 et
925 2348 1031 2408 per
1077 2330 1302 2408 legatos
1350 2331 1569 2393 interea
1614 2332 1819 2392 amicis
1865 2330 2136 2392 subvenit
2179 2328 2521 2410 egentibus,-

299 2424 647 2486 nominatim
677 2425 986 2488 Pictonum
1033 2427 1092 2488 in
1138 2425 1357 2490 finibus
1385 2428 1675 2492 ⁷0Andio-
1700 2428 1963 2491 Duracio
2010 2428 2218 2508 populi
2258 2426 2511 2487 Romani

299 2525 496 2586 amico
549 2524 753 2584 stabili
808 2544 1041 2605 semper
1090 2546 1161 2586 ac
1213 2526 1358 2596 fido,
1383 2527 1518 2606 equi
1571 2538 1713 2588 tunc
1764 2525 2042 2604 temporis
2078 2524 2156 2585 ad
2204 2525 2507 2586 Limonem

298 2622 689 2683 obsidebatur
713 2623 791 2683 ab
820 2624 1239 2692 ⁷¹Addimaeo:
1286 2625 1493 2704 quizad
1524 2625 1737 2685 famam
1766 2624 2136 2684 adventantis
2166 2623 2361 2683 auxilii
2390 2623 2510 2680 Ro·

301 2718 460 2778 mani
504 2718 564 2778 in
591 2719 790 2797 fugam
819 2740 1020 2781 versus
1048 2733 1231 2803 atque
1255 2721 1784 2800 inter.fngiendum
1816 2721 2024 2801 proelio
2055 2719 2264 2792 victus,
2292 2739 2363 2778 ac.
2390 2738 2507 2778 sar-

301 2816 450 2876 cinis
468 2816 745 2876 omnibus
771 2818 1057 2896 spoliatus
1086 2820 1182 2879 vix
1208 2819 1413 2881 evasit.
1498 2818 1792 2880 Duracius
1832 2818 2139 2879 obsidione
2183 2816 2503 2885 liberatus;

303 2911 501 2976 maltae
527 2931 634 2991 per
673 2911 732 2972 id
783 2924 1014 2993 tempus
1041 2916 1214 2976 urbes
1242 2916 1300 2976 in
1339 2925 1688 2994 potestatem
1715 2916 1920 3000 popqli
1949 2915 2199 2976 Romani
2245 2913 2507 2977 redactae

302 3020 357 3069 et
384 3010 443 3070 in
484 3008 667 3070 fidem
697 3023 948 3090 recepta!
975 3022 1148 3072 sunt:
1191 3012 1365 3091 [166]
1394 3013 1450 3073 in
1489 3012 1706 3092 quibus
1745 3012 1908 3074 fuere
1938 3014 2226 3074 Caruntes
2254 3013 2359 3092 qui
2387 3011 2507 3071 fere

302 3126 534 3186 semper
569 3119 830 3167 .eatenus
883 3107 1165 3171 obstinati
1218 3111 1276 3170 iu
1320 3112 1638 3172 rebellione
1695 3121 2165 3191 permanserant:
2251 3127 2507 3189 quorum

300 3204 570 3284 exemplo
599 3214 776 3266 motae
807 3205 978 3265 urbes
1014 3207 1148 3267 aliae
1178 3207 1508 3268 Galliarum
1539 3209 1846 3268 Oceanum
1874 3208 2227 3282 accolentes,
2255 3227 2391 3286 quae
2421 3207 2514 3266 di·

302 3301 591 3363 cebantur
640 3303 987 3374 Armorica,
1034 3313 1244 3383 sponte
1293 3305 1561 3365 Romano
1597 3303 1749 3382 jugo
1776 3303 1931 3364 colla
1964 3304 2326 3381 subjiciunt3
2371 3323 2507 3379 quae

300 3400 495 3460 omnia
543 3419 652 3478 per
678 3399 903 3479 Gajum
931 3400 1178 3461 Fabium
1207 3410 1374 3481 gesta
1418 3410 1577 3462 sunt.
1661 3404 1741 3461 At
1789 3401 1979 3479 Gajus
2018 3401 2277 3461 Caninns
2320 3401 2509 3476 Drap·

301 3508 534 3573 pentem
565 3499 918 3559 ⁷2senonem
955 3507 1015 3558 et
1065 3498 1401 3560 Lucterium
1453 3498 1793 3559 Cadurcum
1831 3495 2252 3559 audacissimos
2292 3515 2510 3555 nocen-

299 3594 676 3672 tissimosque
703 3593 1002 3665 homines:
1050 3594 1150 3673 qui
1177 3595 1436 3656 adunata
1458 3613 1755 3655 servorum
1784 3595 2203 3674 ⁷³exiliumque
2231 3614 2302 3654 ac
2330 3595 2506 3654 latro·

299 3709 436 3750 num
468 3710 668 3764 manu,
697 3701 760 3752 et
798 3692 1101 3752 Romanos
1128 3703 1493 3753 commeatus
1523 3692 1780 3762 turbare,
1830 3703 1891 3753 et
1920 3693 2035 3753 late
2057 3692 2384 3754 latrocinari
2413 3711 2510 3751 so·

299 3787 384 3846 liti
409 3796 618 3859 erant3
649 3787 733 3848 sic
761 3786 820 3847 in
847 3786 1061 3849 finibus
1081 3787 1490 3850 Cadurcorum
1513 3788 1750 3850 obsedit
1771 3790 2047 3870 primum,
2070 3790 2289 3851 dehinc
2309 3801 2506 3850 autem

358 4051 424 4096 66
472 4046 633 4111 Lege,
679 4044 1120 4110 &peremta—67
1170 4048 1346 4112 Forte,
1384 4045 1855 4110 dignabantur.—68
1907 4046 2065 4107 Lege,
2107 4043 2275 4091 damno
2318 4025 2525 4090 eume—⁴⁰

301 4131 364 4176 69
395 4127 578 4188 Forte,
598 4126 904 4191 itaqua—7⁰
943 4128 1095 4191 Dele,
1117 4129 1420 4180 Δικαία-71
1460 4129 1618 4193 Lege,
1638 4127 1794 4177 Audio
1817 4128 2074 4177 Dumnaco.
2124 4123 2208 4172 Sic
2233 4120 2367 4184 apud
2395 4122 2507 4172 Cae-

309 4222 466 4257 sarem
511 4207 857 4274 legitate—72
889 4209 1154 4275 Drapetem
1192 4214 1237 4261 et
1281 4209 1529 4261 Later-ium
1568 4217 1649 4261 est
1684 4209 1735 4259 in
1759 4206 1980 4261 Caesaris
2020 4203 2308 4254 tibris—”7³
2346 4203 2504 4268 Lege,

305 4290 588 4356 ιειιιηψι.
