3017 4925
1107 442 1629 497 mnslm‘m'rto.
2287 433 2468 502 1⁹oe

258 591 587 655 stica-nm
613 589 789 654 bunc
816 590 1187 670 scriptorem,
1216 593 1427 672 bisque
1464 594 1831 673 temporibus
1859 591 2181 673 juniorem,
2207 604 2463 676 arguunt

256 696 345 751 tot
388 690 679 752 immixtae
719 708 897 750 voces
943 689 1179 750 Groecae
1205 698 1387 769 atque
1429 690 1795 751 Hcllenismi.
1878 692 2002 762 Qui
2042 692 2229 753 mixto
2263 701 2464 754 essent

254 802 473 866 genere,
525 785 827 848 Hiar-idas
879 787 1141 866 appellat
1189 806 1328 867 cap.
1391 796 1488 859 19.
1575 788 2024 869 Hippotae-otas
2079 789 2261 851 babet
2313 790 2458 850 ibid.

254 885 551 964 Fqibatu
606 903 749 964 cap.
778 892 878 946 20.
918 881 1022 946 62.
1063 883 1166 945 63.
1267 883 1647 964 Cataccoprru·
1685 904 1825 966 cap.
1870 885 1971 949 26.
2055 884 2134 946 In
2179 885 2308 947 salo
2346 906 2465 947 esse

254 981 386 1043 baio
436 982 673 1042 auctori
727 1000 863 1060 cap.
914 978 1019 1042 46.
1073 979 1176 1045 62.
1227 979 1330 1045 63.
1386 983 1737 1068 tantundem
1786 984 1960 1055 valet,
2016 981 2182 1062 quod
2230 983 2463 1044 Gracia

252 1080 533 1152 παλεύειν,
562 1088 629 1139 et
667 1077 1054 1150 διασαλεύειν,
1106 1087 1168 1140 et
1208 1078 1286 1140 de
1322 1077 1460 1139 navi
1500 1079 1737 1153 dicitur,
1769 1100 1904 1160 quae
1941 1080 2144 1141 liberae
2173 1078 2463 1141 fluctuum

252 1175 597 1238 minorum
645 1177 950 1257 agitationi
993 1176 1329 1256 exponitur.
1414 1178 1568 1239 Sunt
1606 1178 1666 1237 in
1708 1176 1923 1238 eodem
1963 1177 2119 1238 libro
2161 1176 2300 1251 alia,
2328 1197 2464 1258 quoe
2530 1222 2539 1233 ,

252 1291 576 1335 coevornm
625 1274 896 1354 peritiam
951 1273 1202 1354 sapiant.
1288 1273 1660 1353 virgiliarum
1698 1273 1930 1355 signum
1974 1272 2307 1336 oeufeetum
2349 1292 2469 1335 mc·

249 1380 431 1432 norat
452 1381 599 1451 post
632 1388 729 1434 vr.
759 1372 895 1432 Kal.
926 1371 1072 1432 Feb.
1102 1378 1365 1450 cap.‘47.
1420 1391 1530 1451 pro
1567 1391 1706 1433 vero
1750 1371 1980 1433 scilieet
2005 1371 2158 1434 illius
2196 1370 2336 1432 anni
2362 1390 2465 1433 ca-

248 1466 524 1540 lendario,
553 1488 684 1547 quo
723 1468 894 1529 Febr.
925 1485 975 1531 1.
1014 1468 1074 1529 iu
1115 1468 1441 1530 Novembr.
1473 1470 1512 1529 J
1516 1466 1691 1530 uliani
1731 1469 1888 1531 diem
1916 1486 2019 1531 xl.
2060 1468 2466 1543 conveniebat,

254 1582 368 1642 quo
390 1564 705 1625 Pleiadum
748 1563 1185 1626 confectionem
1210 1564 1388 1627 refert
1422 1565 1671 1628 Plinius.
1751 1567 1942 1629 Aliter
1968 1575 2127 1628 certe
2165 1566 2341 1629 sensit
2368 1566 2467 1628 bic

252 1669 469 1736 auctor,
496 1682 686 1741 quam
712 1662 1115 1743 interpolator,
1144 1663 1247 1743 qui
1274 1664 1453 1725 ctiam
1479 1665 1820 1726 Jannarium
1848 1665 1929 1726 ab
1956 1664 2209 1727 Octobr.
2251 1665 2286 1726 J
2292 1664 2468 1727 uliani

254 1755 343 1819 die
369 1775 538 1821 1111.
558 1759 936 1838 incipientem
961 1780 1070 1840 per
1095 1761 1231 1822 anni
1259 1770 1494 1843 tempus
1524 1764 1916 1844 periculosum
1946 1784 2074 1825 esse
2091 1761 2280 1823 voluit
2306 1759 2471 1821 navi-

250 1856 543 1933 gantibus,
574 1866 642 1918 et
666 1857 907 1937 quidem
932 1858 1016 1920 ita
1040 1859 1458 1938 periculosum,
1490 1871 1557 1922 ut
1599 1862 1809 1923 mediis
1853 1862 1996 1923 belli
2018 1862 2254 1923 casibus
2283 1860 2467 1940 magis

253 1960 439 2013 tamen
482 1963 666 2027 esset,
697 1973 877 2032 quam
920 1956 1142 2017 bellum
1184 1956 1394 2035 ipsum,
1440 1959 1814 2020 metuendus.
1893 1962 1976 2020 Et
2021 1978 2254 2019 manum
2292 1957 2469 2018 etiam

256 2068 511 2112 eoaevam
568 2051 1115 2132 accuratioremque
1167 2052 1431 2115 indicant
1483 2063 1577 2115 tot
1632 2075 1811 2116 voces
1879 2055 2171 2128 militares,
2223 2055 2469 2135 alioeque

258 2148 565 2221 technicae,
598 2150 781 2228 magis
809 2149 908 2211 bic
937 2170 1075 2210 vero
1102 2151 1382 2230 temporis
1409 2152 1630 2213 decoro
1668 2153 2112 2233 respondentes,
2158 2172 2336 2233 quam
2362 2172 2472 2231 pro

254 2254 430 2323 captu
462 2245 724 2324 junioris
766 2245 1223 2325 interpolatoris.
1304 2247 1551 2309 Librum
1592 2269 1733 2329 crgo
1781 2250 1953 2310 Hirtii
2001 2250 2078 2311 dc
2121 2249 2280 2311 bello
2316 2247 2475 2310 Afri·

254 2360 394 2402 cano
419 2342 499 2403 ad
527 2344 567 2403 J
572 2342 679 2403 ulii
707 2343 865 2404 Celsi
891 2353 1123 2407 aetatcm
1150 2346 1479 2424 pervenisse
1505 2355 1690 2426 puto:
1733 2346 1837 2407 sed
1874 2347 2146 2408 mutilum
2187 2345 2469 2418 fortassis,

252 2449 351 2500 ant
392 2439 498 2519 qui
554 2439 737 2501 Celso
783 2440 1023 2502 mutilus
1072 2442 1273 2504 baberi
1314 2452 1538 2523 posset.
1621 2445 1758 2506 Hoc
1799 2444 2002 2524 utiquc
2043 2452 2338 2523 praetextu
2377 2443 2472 2505 vel

256 2537 390 2611 suis,
420 2538 515 2603 vel
540 2539 745 2602 nescio
767 2539 940 2619 cujus
968 2541 1203 2602 alterius
1232 2539 1578 2603 fabulatoris
1599 2539 1889 2620 figmentis
1913 2540 2309 2623 interpolavit.

539 2738 1007 2822 Itidenrj'actua·
1041 2743 1105 2802 in
1135 2741 1292 2804 libro
1324 2741 1528 2803 Hirtii
1557 2740 1628 2803 de
1655 2740 1802 2801 bello
1832 2740 2188 2821 Hispanico.

329 2850 398 2912 In
426 2854 592 2915 bello
618 2854 944 2934 Hispanico
972 2853 1169 2916 adbuc
1198 2854 1481 2934 pauciora
1509 2854 1694 2916 coaevi
1723 2852 2021 2934 scriptoris
2048 2851 2290 2931 vestigia
2316 2858 2471 2924 sunt,

258 2947 420 3027 plura
461 2959 665 3011 autem
712 2951 1165 3030 interpolatoris,
1192 2962 1253 3012 et
1280 2951 1524 3031 quidem
1571 2952 1863 3030 ejusdem,
1904 2952 2008 3030 qui
2052 2950 2272 3010 bellum
2318 2948 2476 3011 Afri·

258 3063 463 3107 eanum
495 3048 619 3109 suis
645 3049 986 3109 commentis
1010 3059 1273 3110 auxerat.
1355 3049 1580 3110 Eadem
1616 3049 1674 3109 in
1705 3069 1851 3110 voce
1860 3047 2134 3129 facultas
2159 3044 2471 3126 elegantia,

260 3164 392 3222 quae
432 3164 613 3226 supra
651 3165 785 3224 cap.
824 3157 917 3209 12.
971 3148 1055 3206 cis
1092 3145 1177 3207 ad
1213 3145 1630 3226 ignoscendum
1676 3146 1840 3207 nulla
1884 3152 1970 3206 est
2011 3145 2154 3207 data
2178 3143 2472 3223 facultas.

260 3239 411 3320 Cap.
440 3251 544 3302 ⁴0.
576 3261 766 3315 nam,
807 3261 941 3322 μω
968 3244 1033 3303 in
1071 3241 1499 3322 salos-terant:
1549 3261 1662 3322 pro
1688 3243 1963 3321 exemplo
1991 3239 2196 3302 itidem
2237 3259 2273 3300 a
2301 3238 2473 3299 nobis

260 3355 433 3416 supra
448 3339 784 3400 observato.
824 3342 956 3401 Nec
971 3339 1278 3400 dissimiles
1303 3338 1401 3399 alii
1424 3348 1744 3400 occurrunt
1766 3338 2104 3419 sequiornm
2122 3337 2472 3402 saeculorum

264 3431 626 3498 barbarismi.
711 3438 862 3518 Cap.
892 3446 952 3506 7.
996 3435 1241 3516 reliqnoe
1278 3455 1348 3495 ea·
1363 3435 1662 3515 fugitivis
1699 3435 2017 3495 auxiliares
2059 3430 2475 3492 consistebant.

264 3529 411 3611 Cap.
443 3543 543 3597 12.
572 3534 710 3595 bene
732 3554 1011 3616 magnum
1032 3540 1274 3614 tempus.
1357 3535 1506 3611 Cap.
1545 3541 1637 3595 13.
1662 3531 1945 3611 simulque
1973 3527 2211 3590 ballista
2235 3529 2410 3588 missa
2437 3549 2476 3588 a

264 3631 484 3691 nstris
511 3636 734 3691 turrem
758 3630 992 3710 deiecit.
1074 3631 1228 3710 Cap.
1264 3630 1358 3693 16.
1405 3629 1821 3690 existimabant
1863 3648 1958 3688 eos
1990 3645 2166 3708 posse
2204 3632 2474 3687 conatum

263 3721 495 3803 efficere.
576 3727 727 3806 Cap.
755 3737 854 3799 29.
883 3726 1209 3789 adversarii
1226 3726 1611 3807 patrocinari
1637 3725 1765 3785 Ioco
1791 3726 1996 3805 iniquo
2030 3743 2149 3785 non
2177 3722 2477 3785 desinunt.

267 3820 410 3902 Cap.
439 3832 541 3885 33.
572 3823 867 3897 libertum,
915 3825 1256 3905 quisuisset
1295 3827 1420 3904 qius
1447 3822 1827 3884 concubinus.
1910 3823 2063 3902 Cap.
2094 3829 2192 3892 39.
2229 3819 2476 3903 gradie-

267 3918 440 3981 batoer
486 3920 811 4000 Hispalim.
901 3923 1055 3999 Cap.
1099 3930 1198 3983 42.
1249 3919 1620 4001 provinciam
1667 3918 2065 4000 depopulavit.
2146 3920 2225 3979 Et
2263 3927 2481 3998 preter

266 4031 486 4078 morem
514 4019 723 4078 borum
752 4019 1106 4098 scriptorum
1138 4018 1308 4079 Ennii
1338 4023 1538 4097 poetae
1563 4018 1889 4097 fragmenta
1907 4016 2189 4089 advocat,
2215 4033 2349 4094 cap.
2376 4021 2477 4076 23.

270 4119 369 4176 31.
446 4116 555 4174 Illa
581 4134 724 4174 vero
753 4136 927 4195 quam
953 4118 1175 4196 inepta,
1203 4117 1419 4197 quibus
1447 4125 1645 4174 tamen
1673 4115 1946 4186 Caesaris,
1977 4113 2188 4174 summi
2217 4111 2480 4190 pruden-

269 4209 592 4290 tissimique
619 4215 878 4287 oratoris,
909 4235 1221 4295 personam
1250 4215 1372 4293 agit
1398 4212 1496 4272 bic
1525 4212 1816 4292 sophista:
1861 4211 1983 4283 An,
2005 4229 2092 4271 uic
2115 4208 2324 4279 deleto,
2353 4227 2476 4268 non

268 4308 834 4386 animaduertebatis,
860 4312 1052 4377 decem
1091 4312 1302 4375 babere
1330 4312 1593 4392 legiam
1626 4308 1916 4392 populun·
1953 4308 2298 4408 itomanam,
2338 4324 2475 4389 μω
