3017 4925
497 393 680 463 m
1169 409 1554 461 aecensus
1603 410 2037 463 santonum

577 563 765 625 rudes
780 578 917 625 carn
956 562 1217 626 Jucnndi
1261 561 1777 643 explicationibus.
1854 560 1926 623 In
1953 562 2127 625 calce
2149 560 2518 640 adiiciuntur
2548 563 2713 625 Har·

577 660 721 721 uui
757 659 950 721 Index
987 660 1417 741 geographicas
1455 668 1518 719 et
1561 659 1729 720 Bruti
1772 659 2014 722 Scholia
2060 681 2110 721 s.
2157 659 2393 721 libellus
2418 661 2708 723 varias-nn

577 758 900 821 lectionum
927 779 1000 819 ex
1028 757 1166 819 cod.
1197 756 1550 818 Cari-ariensi
1580 764 1731 816 msto
1758 755 2172 834 antiquissimo
2198 766 2261 816 et
2286 756 2385 817 ed.
2415 757 2716 837 617ρῆ-

578 870 676 928 na,
725 877 799 917 ex
844 866 1076 916 vetusto
1122 854 1333 916 codice
1379 873 1625 925 excusa,
1678 854 2012 914 Florentius
2065 846 2257 927 1⁵14,
2312 854 2500 915 Paris.
2552 854 2711 915 nob.

575 953 786 1033 Steph-
813 962 876 1014 et
907 953 1253 1026 Vascosani,
1299 952 1498 1015 addita
1527 950 1821 1014 interdum
1848 953 2001 1025 crisi,
2029 962 2092 1014 et
2118 951 2391 1025 lectione,
2418 972 2563 1032 quo
2582 953 2721 1032 pla·

577 1049 720 1125 cuit,
753 1051 997 1112 stellulis
1026 1058 1249 1112 notata.
1334 1052 1627 1112 Praestans
1654 1049 1861 1110 editio.

509 1147 666 1218 1569
709 1147 1097 1228 Argentorati.
1147 1157 1244 1211 12.
1284 1166 1419 1208 cum
1450 1147 1689 1207 scholiis
1712 1146 1904 1208 Micli.
1929 1144 2115 1206 Bruti.

500 1273 585 1289 —-
624 1244 904 1305 Venetiis.
935 1253 1003 1306 B.
1031 1264 1129 1324 ap.
1154 1244 1398 1318 Aldum,
1423 1264 1563 1305 cum
1590 1243 1828 1305 scholiis
1856 1244 2038 1304 Hear.
2062 1243 2364 1304 Glareani.

503 1348 662 1410 1570
700 1342 1078 1421 Antwerpiae.
1142 1350 1201 1406 8.
1266 1343 1337 1403 C.
1368 1342 1509 1403 Julii
1539 1342 1789 1403 Caesaris
1826 1340 2269 1413 commentarii,
2319 1340 2492 1402 novis
2518 1360 2716 1403 emen·

576 1437 919 1500 dationibus
947 1439 1243 1501 illustrati.
1306 1439 1594 1519 Ejusdem
1624 1439 1927 1511 libros-nn,
1958 1438 2064 1518 qui
2090 1437 2527 1513 desiderantur,
2554 1439 2716 1518 fng-

579 1546 814 1597 menta..
889 1539 978 1598 Ea
1024 1536 1389 1598 bibliotheca
1417 1536 1606 1599 Fulvii
1636 1536 1837 1599 Ursini
1866 1535 2133 1597 Romani.
2220 1537 2374 1606 Quas
2400 1546 2621 1614 praeter
2642 1554 2714 1597 ea

575 1630 637 1693 iu
664 1634 780 1696 hoc
811 1635 962 1697 libro
989 1636 1417 1708 contineantur,
1447 1656 1698 1716 sequeris
1729 1636 1940 1715 pagina
1969 1633 2277 1695 indicabit.
2331 1632 2713 1713 Antverpiae,

579 1751 653 1791 ex
680 1730 912 1792 officina
938 1733 1280 1813 Christopb.
1333 1732 1840 1793 Plautina—Haeo
1886 1730 2085 1792 editio-
2104 1729 2304 1791 omnia
2332 1730 2551 1802 babet„
2578 1750 2710 1809 qnae

537 1870 546 1879 ι
578 1836 716 1890 sant
743 1830 801 1890 in
830 1829 974 1891 edit.
1005 1831 1154 1892 Ven.
1190 1831 1364 1895 1566.
1395 1842 1456 1892 et
1485 1840 1768 1910 praeterea
1820 1841 1874 1893 1.
1925 1829 2235 1910 epistolant
2265 1827 2455 1889 Fulvii
2494 1828 2711 1899 Ursini,

580 1926 787 1986 Romae
820 1927 995 1999 1569.
1045 1928 1340 2008 scriptam,
1387 1929 1446 1988 in
1476 1948 1597 2007 qua
1625 1929 1848 2001 scribit,
1896 1948 1959 1988 se
1987 1936 2127 2008 post
2163 1929 2383 1989 Anton.
2434 1924 2714 2005 Augusti-

577 2041 721 2083 num
750 2023 1057 2102 collegisse
1086 2025 1335 2086 Caesaris
1363 2025 1714 2106 fragmenta,
1752 2036 1810 2087 et
1838 2045 2035 2105 operae
2062 2025 2312 2103 pretium
2340 2022 2535 2083 facere
2562 2021 2715 2083 arbi·

579 2129 793 2182 tratum
823 2141 973 2196 esse,
1002 2123 1048 2182 si
1077 2143 1225 2202 quas
1255 2125 1658 2186 correctiones
1691 2125 1938 2185 eruisset
1964 2142 2038 2185 ex
2061 2123 2289 2203 optimo
2317 2121 2548 2193 codice,
2577 2130 2712 2182 ante

580 2230 887 2277 sexcentos
909 2218 1031 2279 fere
1052 2237 1238 2280 annos
1255 2221 1496 2300 scripto,
1514 2240 1550 2282 a
1571 2241 1633 2281 se
1661 2222 1917 2294 invento,
1944 2219 2246 2299 adjunctis
2264 2218 2507 2280 Octavii
2538 2219 2714 2278 Pant-

580 2314 776 2392 agathi
817 2325 877 2376 et
905 2316 1097 2378 Gabr.
1129 2317 1339 2379 Faerni
1378 2319 1911 2390 emendationibus,
1953 2337 2093 2379 cum
2121 2318 2210 2387 iis,
2262 2336 2398 2395 qua».
2446 2315 2715 2394 collegis-

577 2419 687 2484 set,
732 2412 980 2473 Caesaris
1012 2413 1363 2494 scriptorum
1406 2402 1769 2497 fragmentis,
1820 2416 1880 2480 in
1924 2415 2111 2476 lucem
2138 2415 2355 2475 ederet.
2428 2422 2488 2476 2.
2534 2413 2711 2492 Frag-

571 2518 773 2572 menta
824 2509 925 2571 illa
967 2531 1107 2572 cum
1157 2513 1360 2574 Ursini
1398 2513 1905 2575 emendationibus
1953 2512 2017 2573 in
2060 2513 2377 2573 Caesarem.
2472 2510 2712 2570 Fulvius

573 2614 773 2668 tamen
805 2608 1046 2670 Ursinus
1070 2608 1211 2672 furti
1237 2610 1474 2672 literarii
1522 2611 1842 2674 incusatur.
1929 2610 2245 2688 Pietasque
2271 2608 2426 2667 enim
2452 2620 2628 2668 notas
2654 2608 2711 2667 in

578 2702 868 2765 Caesarem
908 2717 1225 2787 acceperat
1271 2727 1308 2770 a
1352 2709 1530 2769 Petro
1570 2709 1908 2780 Ciacconio,
1956 2726 2196 2786 easque,
2245 2723 2567 2785 suppresso
2594 2702 2712 2764 veri

574 2801 832 2862 auctoris
861 2803 1111 2877 nomine,
1142 2804 1261 2866 suis
1288 2805 1627 2868 admiscuit.
1687 2802 1783 2868 cf.
1813 2804 2152 2866 Harlesium
2178 2803 2237 2863 in
2262 2801 2605 2863 Introduct.
2652 2802 2711 2861 ia

573 2905 701 2956 not.
731 2896 817 2957 lit.
849 2900 1020 2960 Rom.
1049 2901 1208 2963 Part.
1240 2918 1320 2964 11.
1349 2923 1413 2984 p.
1444 2911 1587 2966 204.

495 3021 580 3040 -α
621 2993 895 3057 venetiis.
942 3007 1000 3059 8.
1031 3017 1129 3078 ap.
1161 3000 1521 3061 Manutium.

498 3095 647 3159 1571
698 3090 1046 3154 Lausannae.
1094 3094 1201 3156 fol.
1249 3097 1324 3157 C.
1372 3096 1516 3158 Julii
1565 3095 1814 3158 Caesaris
1851 3092 2276 3157 cementarii
2324 3103 2464 3171 post
2507 3112 2709 3155 omnes

575 3183 838 3247 omnium
862 3186 1169 3264 editiones,
1196 3204 1477 3253 accurata
1502 3192 1834 3264 sedulitate,
1857 3201 1916 3252 et
1943 3209 2170 3252 summa
2191 3188 2386 3250 denuo
2410 3190 2709 3268 vigilantia

572 3297 649 3341 ex
677 3282 989 3346 multorum
1017 3296 1141 3347 tam
1171 3299 1431 3350 veterum
1458 3309 1641 3369 quam
1666 3289 2098 3351 neotericorum
2135 3285 2557 3366 exemplarium
2584 3287 2709 3348 ool·

570 3376 792 3440 latione
833 3383 1152 3457 emendati,
1203 3398 1264 3446 et
1303 3387 1724 3448 studiosissime
1775 3385 2058 3465 recogniti
2100 3404 2136 3444 a
2182 3387 2410 3446 Joanne
2455 3385 2708 3446 Rosseto

569 3476 1021 3540 Aurimontano.
1106 3482 1309 3555 Hisce,
1337 3503 1475 3545 cum
1503 3485 1785 3555 locorum,
1835 3482 2091 3554 urbium,
2132 3493 2195 3542 et
2219 3482 2578 3560 populorum
2604 3500 2710 3542 no·

567 3570 843 3646 minibus,
882 3584 944 3635 et
968 3578 1458 3655 expositionibus,
1499 3600 1573 3641 ac
1602 3580 1742 3642 item
1764 3599 1966 3641 rerum
1993 3590 2051 3640 et
2078 3578 2393 3640 verborum
2424 3576 2709 3658 copiosis-

567 3666 716 3728 simo
741 3669 969 3744 Indice,
1004 3675 1255 3736 accessit
1283 3677 1575 3740 variarum
1599 3677 1922 3746 lectionum
1951 3676 2184 3736 libellus
2212 3694 2498 3755 perquam
2526 3674 2707 3746 utilis,

571 3764 784 3840 codem
809 3768 1060 3830 Roueto
1107 3772 1446 3837 collectore.
1531 3776 1857 3838 Lausannae
1900 3774 2117 3836 excud.
2166 3774 2425 3835 Joannes
2474 3772 2707 3834 Probus

495 3909 502 3916 .
566 3861 1087 3928 illustrissimorum
1137 3869 1430 3934 dominor.
1492 3872 1877 3934 Beruensium
1927 3871 1986 3930 in
2014 3871 2258 3932 civitate
2306 3867 2704 3932 lausannensi

567 3963 1236 4042 typogmphnu.-lnter
1275 3970 1522 4034 rariores
1550 3969 1799 4034 Castris
1842 3953 2132 4030 editiones
2172 3968 2304 4028 liaec
2333 3986 2451 4027 non
2480 3978 2705 4046 postre-

561 4075 728 4119 mum
756 4069 1021 4140 occupat
1045 4061 1265 4124 locum.
1347 4066 1486 4147 lpse
1516 4067 1756 4146 quidem
1784 4066 1995 4139 editor,
2044 4066 2103 4126 in
2132 4065 2384 4144 epistola
2426 4063 2507 4124 ad
2545 4065 2706 4125 Con·

557 4145 752 4217 ⁴sulem
781 4167 843 4218 et
859 4158 1172 4221 Senatores
1195 4162 1352 4224 urbis
1374 4165 1827 4237 lausannensis,
1850 4184 1913 4226 se
1941 4164 2091 4225 banc
2109 4164 2357 4226 Caesaris
2382 4161 2700 4222 editionem

561 4252 640 4312 ad
669 4252 850 4317 tidem
878 4267 1141 4336 vetq‘nm
1170 4259 1466 4334 codicum.
1516 4271 1646 4329 tum
1691 4261 1835 4328 olim
1883 4262 2114 4336 Roma.
2162 4267 2289 4324 tum
2326 4258 2509 4322 ctiam
2534 4257 2696 4322 alibi·
