3017 4925
419 365 595 435 1688
1228 384 1333 432 ΑΒ
1380 381 1807 435 nuci-onum

424 538 502 596 ut
529 529 821 614 scrupuli
847 526 1181 594 nonnullis
1209 548 1254 593 a
1278 526 1533 594 Sabino
1561 535 1628 594 et
1656 527 1970 597 Carrione
1996 529 2247 616 injecti,
2275 529 2443 597 inter
2469 549 2645 617 qnos

425 639 492 700 et
517 632 958 718 Tanaquillus
993 631 1211 726 Faber
1237 631 1385 710 fuit,
1410 650 1499 696 ex
1530 633 1767 724 animis
1794 635 2134 699 hominum
2161 635 2433 719 penitus
2466 637 2648 702 evel-

428 735 729 802 lerentur.
819 733 967 801 Nec
1003 735 1311 819 equidem
1340 733 1655 818 indignus
1682 743 1784 803 est
1813 754 2177 821 anonymus
2201 736 2310 801 hic
2339 737 2654 818 lectione,

438 857 592 904 cum
620 839 864 903 multas
902 857 1137 922 graves
1168 840 1524 904 sententias
1554 844 1889 924 aspergat,
1938 859 2091 924 quae
2135 841 2454 906 lectorem
2493 857 2656 926 pos-

437 946 592 1007 sunt
618 941 901 1021 erudire,
930 951 1005 1007 ut
1033 959 1160 1006 non
1191 947 1296 1007 est
1322 942 1393 1006 in
1421 941 1898 1026 cognoscendis
1930 944 2175 1024 causis,
2207 964 2326 1009 cur
2356 961 2656 1030 quaeque

431 1049 618 1128 gesta
642 1046 797 1124 sint,
826 1046 1127 1125 obtusus,
1155 1064 1279 1110 nec
1323 1046 1577 1112 inutilis
1606 1053 1720 1112 aut
1762 1048 2130 1131 legentibus
2158 1055 2272 1114 aut
2298 1048 2656 1114 edentibus

434 1147 796 1213 Caesarem.
883 1145 1046 1213 Non
1070 1147 1195 1213 fuit
1220 1149 1391 1214 enim
1417 1150 1764 1235 imperitus
1791 1171 2005 1216 rerum
2033 1152 2497 1229 humanarum,
2526 1169 2656 1216 nec

435 1271 559 1335 pro
588 1257 785 1338 captu
811 1251 993 1316 illius
1022 1252 1239 1317 aetatis
1265 1252 1597 1333 indoctus,
1625 1255 1875 1339 quippe
1910 1255 2027 1339 qui
2069 1254 2137 1318 in
2175 1253 2448 1339 scriptis
2488 1253 2660 1319 Tul-

432 1353 650 1433 lianis»,
690 1354 1031 1439 praecipue
1058 1354 1129 1419 in
1157 1355 1461 1439 epistolis
1491 1351 1580 1420 ad
1615 1353 1913 1422 Atticum
1948 1356 2216 1426 minime
2256 1353 2464 1422 fuerit
2499 1356 2661 1422 hos-

438 1475 586 1543 pes,
613 1473 701 1521 ex
729 1458 975 1541 quibus
1002 1475 1134 1521 non
1172 1476 1395 1541 pauca
1420 1458 1776 1542 excerpsit,
1806 1477 1960 1542 quae
1990 1457 2246 1523 faciunt
2270 1457 2360 1523 ad
2391 1456 2438 1524 J
2442 1458 2657 1523 ulium

438 1559 780 1626 Caesarem
809 1556 1307 1636 defendendum,
1351 1577 1545 1642 quem
1572 1558 1930 1624 admiratur
1958 1562 2180 1638 unice,
2221 1567 2288 1626 et
2332 1559 2421 1624 ad
2465 1559 2663 1625 refel-

437 1661 635 1729 lenda
673 1680 1086 1746 quaecunque
1125 1661 1195 1725 in
1235 1659 1351 1726 illo
1391 1659 1930 1727 criminabantur.
2003 1659 2246 1732 ,Editio
2292 1661 2413 1727 illa
2455 1661 2663 1729 unica

442 1764 595 1830 anni
648 1781 765 1830 010
793 1775 1238 1828 occcnxxm
1296 1763 1552 1828 mendis
1595 1762 1870 1828 infinitis
1916 1765 2318 1850 inquinatur,
2367 1770 2442 1831 et
2494 1784 2669 1849 prae-

443 1868 639 1952 cipue
696 1864 1070 1932 foedissime
1133 1864 1570 1930 dedecoratur
1641 1865 2053 1950 compendiis
2124 1867 2539 1952 syllabarum
2605 1871 2672 1932 et

439 1985 707 2049 vocum,
747 1989 902 2054 quae
940 1969 1122 2034 illius
1159 1969 1481 2053 temporis
1515 1967 1803 2034 librariis
1839 1973 1910 2034 et
1952 1969 2187 2055 primis
2223 1969 2671 2055 typographis

444 2079 633 2139 erant
673 2067 1046 2139 familiaria.
1135 2071 1391 2137 Praeter
1418 2071 1567 2138 haec
1594 2072 2046 2156 expressimus
2073 2091 2223 2137 eam
2250 2071 2321 2135 in
2351 2072 2666 2137 omnibus

442 2174 604 2251 fere,
672 2176 1087 2259 intactosque
1139 2174 1529 2258 reliquimus
1581 2192 1834 2238 errores
1889 2175 2032 2239 sive
2091 2173 2465 2239 scribarum
2523 2174 2669 2239 sive

449 2275 738 2344 auctoris
767 2277 835 2342 in
867 2276 1340 2361 orthographia
1366 2297 1635 2356 vocum,
1663 2282 1805 2343 tum
1841 2276 2177 2342 hominum
2225 2283 2294 2341 et
2335 2276 2667 2354 locorum,

448 2395 649 2469 quam
698 2380 976 2445 aliarum
1040 2401 1279 2460 rerum,
1343 2399 1500 2466 quae
1552 2378 1753 2445 facile
1817 2384 2119 2465 poterant
2174 2375 2534 2459 emendari,
2591 2383 2667 2442 ut

447 2480 691 2551 Lector
715 2484 886 2549 hanc
913 2482 1271 2550 editionem
1297 2485 1523 2567 legens
1550 2500 1626 2548 se
1654 2482 1937 2567 primam
1961 2481 2175 2565 legere
2204 2479 2398 2545 sciat.
2491 2478 2668 2546 Con-

440 2586 739 2672 jecturas
786 2592 855 2651 et
902 2586 1366 2664 correctiones,
1413 2603 1584 2672 quas
1630 2586 1944 2670 exigebat
1991 2584 2335 2661 sententia,
2382 2582 2668 2667 singulis

448 2689 711 2774 paginis
740 2687 1173 2773 subjecimus.
1262 2688 1624 2773 Speramus
1661 2686 1860 2772 hujus
1905 2685 2062 2750 libri
2105 2683 2343 2770 paucis
2387 2683 2667 2767 cogniti,

452 2788 728 2855 Simlero
757 2797 931 2856 certe
958 2796 1026 2856 et
1052 2790 1371 2869 Gesnero‚
1412 2787 1941 2872 diligentissimis
1970 2786 2102 2852 illis
2128 2785 2447 2851 librorum
2478 2786 2667 2852 inda-

454 2895 794 2976 gatoribus
821 2894 1128 2977 ignorati,
1168 2912 1294 2959 nec
1332 2892 1401 2958 in
1436 2890 1815 2957 bilioflrecis
1852 2884 2406 2973 locupletissimis
2450 2888 2668 2956 Galli-

457 2995 560 3060 cis
588 2996 854 3081 reperti,
882 3001 959 3060 ut
979 2995 1049 3060 in
1075 2990 1354 3060 dubium
1380 2998 1750 3074 vocaretur,
1791 3012 1950 3059 num
1972 3011 2271 3076 unquam
2300 2992 2663 3070 extitisset,

457 3098 574 3162 aut
599 3097 816 3163 lucem
852 3096 1156 3176 vidisset,
1198 3094 1555 3161 editionem
1595 3114 1723 3159 non
1764 3096 2083 3180 ingratam
2119 3094 2409 3161 futuram
2451 3093 2668 3161 homi-

459 3200 652 3266 nibus
674 3198 845 3264 belle
872 3197 1177 3265 curiosis.
1266 3196 1464 3264 Vale.
1556 3193 1747 3261 Anno
1779 3213 2176 3264 uncxcvu.
