3017 4925
501 434 675 501 2054
1178 402 1567 499 aneni-isus
1616 446 2047 499 ammomum

582 602 1351 665 Jucundum'Veronensem
1378 621 1453 661 ex
1495 600 1893 681 descriptione
1936 600 2219 662 Caesaris..
2280 598 2553 678 Eutropii
2580 598 2714 678 Epi-

583 711 742 761 tome
769 701 909 762 belli
935 700 1156 763 Gallici
1180 719 1254 759 ex
1283 699 1548 760 Suetonii
1572 698 1901 776 Tranquilli
1947 698 2356 769 monumentiS,
2400 717 2539 774 quae
2566 697 2714 756 desia

586 798 881 859 derantur.
950 797 1203 868 Parisiis,
1250 816 1322 855 ex
1350 795 1589 854 officina
1635 795 1945 855 Michaelis
1986 793 2589 855 Vascosani.-Basis
2624 805 2713 855 est

577 897 851 957 'recensio
879 893 1167 967 Jucnndi,
1216 913 1252 953 a
1280 912 1401 973 qua
1426 903 1622 951 tamen
1661 890 1909 952 multum
1939 890 2207 951 discedit.
2294 890 2437 950 Vid.
2478 891 2713 955 Goi‘euii

509 1034 516 1043 ,
591 993 841 1052 Memor.
873 993 943 1051 B.
974 990 1190 1051 Dresd.
1224 1006 1273 1050 1.
1303 1010 1364 1068 p.
1402 997 1539 1056 157.

512 1097 670 1157 1544
713 1088 979 1149 Lutetiae.
1026 1096 1084 1148 8.
1143 1089 1216 1147 C.
1245 1086 1386 1146 Julii
1431 1085 1684 1145 Caesaris
1730 1102 1921 1145 rerum
1964 1085 2041 1144 ab
2089 1106 2151 1146 se
2198 1094 2495 1165 gestarum
2543 1087 2717 1146 Com·

585 1185 877 1258 mentarii,
922 1205 995 1245 ex
1024 1176 1433 1244 vetdstissimis
1461 1181 1698 1260 scriptis
1727 1182 2035 1253 codicibus
2064 1182 2518 1243 emendatiores.
2591 1184 2719 1242 Pic-

591 1291 720 1343 tura
741 1284 918 1343 totius
947 1281 1180 1351 Gallias,
1202 1284 1316 1339 διο.
1347 1298 1453 1358 per
1478 1280 1514 1339 J
1522 1277 1824 1338 ucundum
1858 1280 2271 1349 Veronensem,
2301 1284 2420 1339 dxc.
2464 1279 2717 1340 Accedit

591 1380 858 1458 Eutropii
889 1380 1161 1460 Epitome
1191 1378 1327 1439 belli
1354 1376 1577 1438 Gallici
1605 1396 1679 1443 ex
1708 1377 1972 1436 Suetonii
2005 1377 2337 1456 Tranquilli
2375 1367 2717 1437 monumen·

591 1478 685 1547 tis,
734 1487 795 1538 et
841 1478 1084 1538 Hem-ici
1119 1477 1398 1538 Glareani
1425 1476 1483 1535 in
1527 1474 1774 1537 cesaris
1804 1475 2258 1534 commentarios
2286 1475 2717 1536 annotationes.

592 1573 859 1647 Lutetiae,
909 1596 983 1635 ex
1008 1574 1243 1635 officina
1271 1573 1518 1635 Roberti
1562 1572 2276 1651 Stephani.-Vascosani
2324 1573 2453 1631 haec
2480 1582 2573 1633 est
2599 1573 2721 1633 edi-

594 1670 718 1741 tio;
761 1673 946 1732 multa
974 1682 1166 1732 tamen
1194 1682 1338 1732 vett.
1368 1671 1550 1730 codd.
1598 1669 1814 1730 auxilio
1843 1680 1901 1731 et
1930 1670 2255 1730 amicorum
2289 1669 2529 1747 judicio
2566 1670 2727 1730 resti·

595 1778 724 1829 tuta
772 1769 1056 1847 gloriatur
1104 1770 1314 1830 editor.
1410 1769 1843 1847 Oudendorpio
1896 1768 2118 1831 dicitur
2171 1767 2352 1827 editio
2408 1768 2721 1828 correctis·

592 1885 758 1926 sima.

514 1993 595 2009 —
635 1962 903 2023 Basileae.
952 1972 1010 2023 8.
1055 1963 1292 2024 C.Julii
1319 1964 1571 2025 Caesaris
1598 1964 2169 2027 Commentariorum
2192 1962 2326 2022 libri
2354 1978 2521 2022 vm.
2582 1960 2725 2032 Qui-

593 2058 706 2119 bus
734 2058 1059 2137 adjecimus
1089 2061 1205 2121 suis
1233 2062 1289 2121 in
1317 2060 1466 2121 locis
1496 2063 1576 2121 D.
1608 2065 1792 2123 Henr.
1822 2061 2107 2121 Glareani
2144 2058 2519 2119 doctissimas
2549 2077 2738 2119 anno-

594 2156 868 2218 tationes.
952 2159 1105 2228 Quae
1153 2167 1438 2237 praeterea
1479 2159 1591 2219 hac
1620 2158 1677 2219 ini
1720 2158 1978 2219 editione
2025 2157 2227 2218 addita
2271 2167 2428 2229 sunt,
2479 2176 2727 2235 sequens

595 2252 824 2331 pagella
849 2252 1110 2315 docebit.
1156 2254 1402 2315 Basileae
1428 2275 1537 2333 per
1562 2256 1702 2317 Nic.
1733 2255 2288 2336 Bryling.—Insunt
2315 2255 2455 2314 huic
2482 2253 2726 2313 editioni

595 2349 769 2409 etiam
813 2350 946 2409 libri
985 2349 1061 2411 de
1089 2351 1247 2413 bello
1283 2351 1472 2424 Civili,
1525 2353 1793 2431 quamvis
1841 2354 1903 2412 in
1933 2353 2104 2412 titulo
2130 2350 2289 2411 nulla
2330 2370 2539 2411 eorum
2568 2350 2730 2411 facta.

596 2446 677 2507 sit
708 2447 945 2509 mentio.
1680 2525 1686 2529 ¹

514 2577 597 2590 ——-
637 2546 911 2607 Glareani
942 2563 1021 2608 11.
1068 2557 1125 2610 8.
1171 2549 1240 2608 In
1269 2549 1341 2610 C.
1375 2535 1517 2609 'sulii
1546 2548 1796 2609 Caesaris
1817 2547 2120 2609 clarissimi
2146 2548 2320 2608 Rom.
2352 2547 2727 2627 Imperatoris

594 2645 1061 2705 Commentarios
1134 2645 1212 2706 de
1289 2645 1443 2706 bello
1498 2646 1738 2706 Gallico
1800 2665 1872 2706 ac
1922 2646 2093 2708 Civili
2162 2646 2401 2706 Heurici
2449 2644 2729 2706 Glareaui

596 2748 792 2821 poetae
819 2743 1064 2804 laureati
1087 2744 1534 2805 Annotationes.
1592 2744 1769 2804 Nunc
1819 2745 1896 2804 ab
1940 2753 2183 2804 auctore
2196 2744 2513 2823 diligenter
2528 2743 2729 2805 revisa}
2752 2767 2767 2782 ·

594 2852 655 2897 et
680 2846 895 2898 auctae.
969 2839 1238 2919 Friburgi
1269 2839 1610 2921 Brisgoviae.
1654 2841 1990 2921 Stephanus
2015 2842 2326 2902 Melechus
2354 2842 2617 2902 Gravius
2635 2862 2730 2901 ex·

597 2933 855 2994 cudebat
898 2939 1504 3008 anno·1544.—Quae
1531 2937 1715 2999 editio
1765 2959 1881 3000 uon
1910 2947 2137 2999 tantum
2172 2939 2453 3000 Glareani
2492 2950 2731 2999 annota-

598 3029 806 3102 tiones,
860 3032 1022 3112 qnod
1052 3032 1258 3093 titulus
1289 3035 1533 3096 innuere
1558 3037 1813 3109 videtur,
1863 3036 1969 3098 sed
2013 3037 2177 3116 ipsos
2204 3057 2451 3116 quoque
2481 3035 2727 3098 Caesaris

599 3129 1046 3189 commentarios
1070 3131 1353 3192 continet.
2140 3150 2147 3162 ·

524 3230 677 3286 1545
719 3225 1068 3306 Grypliiana
1093 3242 1158 3288 v.
1202 3229 1501 3309 Lugduni,
1533 3250 1632 3312 ap.
1664 3232 1805 3293 Seb.
1837 3232 2200 3313 Gryphium.
2252 3241 2347 3294 12.

522 3318 682 3383 1546
721 3323 985 3404 Friburgi
1014 3325 1354 3405 Brisgovioe.
1401 3337 1460 3390 8.
1521 3329 1594 3388 C.
1640 3329 1782 3391 Julii
1830 3329 2078 3389 Caesaris
2114 3326 2567 3389 commentarii.
2646 3327 2731 3387 Ex

600 3420 682 3479 D.
714 3424 954 3484 Heurici
983 3424 1260 3485 Glareani
1289 3433 1485 3505 poetae
1517 3426 1760 3487 laureati
1786 3426 2187 3507 castigatione,
2234 3435 2295 3485 et
2324 3444 2457 3486 cum
2490 3424 2732 3485 scholiis

597 3520 888 3602 ejusdem.
955 3522 1223 3604 Priburgi
1254 3525 1586 3604 Brisgoviae,
1637 3526 1976 3603 Stephanus
2006 3526 2261 3588 Gravius
2288 3522 2730 3584 excudebat.-

602 3618 756 3679 Vide
784 3620 1023 3681 Goetzii
1053 3622 1238 3681 Mem.
1273 3621 1428 3682 Bihl.
1459 3623 1673 3682 Dresd.
1704 3623 1747 3681 l.
1778 3641 1835 3681 c.

520 3747 602 3760 —-
640 3715 990 3794 Gryphiana
1035 3734 1140 3776 vl.⁸
1184 3727 1278 3779 12.
1351 3720 1423 3778 C.
1476 3718 1618 3778 sulii
1667 3718 1914 3779 Caesaris
1961 3733 2152 3782 rerum
2200 3715 2279 3775 ab
2324 3735 2386 3776 se
2436 3725 2734 3796 gestarum

603 3811 1045 3876 commentarii.
1132 3816 1427 3894 Lugduni,
1482 3818 1647 3897 apud
1704 3817 1847 3876 Seb.
1901 3814 2735 3893 Gryphium.-Immensum

513 3959 520 3966 .
602 3918 892 3987 quantum
939 3910 1137 3971 differt
1184 3913 1314 3974 haec
1341 3914 1601 3992 Gryphii
1624 3913 1807 3973 editio
1834 3913 1912 3973 ab
1940 3911 2041 3972 ed.
2078 3909 2255 3973 1536.
2304 3920 2371 3972 et
2406 3932 2481 3971 ex
2508 3912 2735 3973 Vasco·

600 4025 739 4067 sana
764 4005 841 4067 ad
869 4007 1097 4086 apicem
1124 4028 1399 4088 expressa
1424 4023 1536 4081 est,
1566 4019 1713 4071 teste
1742 4007 2192 4086 Oudendorpio.

527 4110 682 4175 1547
723 4104 1071 4186 Gryphiana
1095 4122 1222 4166 vn.
1266 4106 1563 4187 Lugduni,
1589 4106 1742 4187 apud
1773 4107 1917 4167 Seb.
1947 4102 2311 4185 Gryphium.
2360 4113 2421 4165 S.
