3017 4925
884 377 981 429 »Β
1022 377 1203 428 vrrs
1258 378 1465 430 sunu
1514 376 1871 430 ommis.
2247 353 2475 436 ‘'laefi

159 585 166 590 ,
284 517 520 601 ingenio,
577 528 646 583 ut
692 521 807 602 ipsi
848 531 964 583 tres
1006 521 1175 601 ¹⁸‘qni
1223 521 1527 601 republica
1556 543 1736 583 unum
1775 532 1998 593 essent:
2040 521 2168 584 fore
2193 533 2373 600 ratus,
2409 532 2475 587 ut

283 618 430 697 qnod
456 619 541 679 eis
561 619 884 698 placuisset
910 620 1101 680 nullus
1127 620 1505 699 infringeret:
1547 642 1660 681 nec
1685 621 1888 682 fefellit
1908 641 2081 701 spes:
2127 634 2311 702 utque
2331 623 2473 684 ami-

279 716 465 778 citiam
490 716 994 796 consanguinitate
1022 715 1298 787 firmaret,
1347 717 1548 778 filiam·
1577 738 1740 779 suam
1768 721 1804 781 J
1813 720 1982 779 uliam
2017 722 2297 800 Pompeio
2325 741 2475 782 con-

178 808 215 842 ⁸
272 811 463 892 jugem
484 813 684 873 dedit:
727 823 791 873 et
810 814 1067 892 undique
1099 814 1208 874 sibi
1238 814 1592 876 adminicula
1619 836 1981 889 coacervans,
2013 818 2136 897 ipse
2165 819 2477 899 Calpurni-

279 910 454 970 amL.
498 911 727 971 Pisonis
774 911 1099 971 successuri
1124 911 1234 970 sibi
1261 912 1319 970 in
1349 913 1661 972 consulatu
1707 913 1891 974 filiam
1936 915 1995 974 in
2042 918 2472 981 matrimonium

279 1008 525 1087 accepit:
570 1008 920 1094 generisque
948 1028 1019 1070 ac
1049 1010 1235 1070 soceri
1264 997 1554 1088 suffragiis
1582 1011 1783 1082 fultus,
1812 1031 1884 1072 ex
1913 1014 2183 1073 omnibus
2233 1017 2473 1092 provin·

276 1103 369 1164 ciis
394 1106 619 1166 Gallias
647 1115 829 1186 atque
858 1107 1160 1187 Illyricum
1189 1109 1507 1188 praeelegit,
1556 1109 1969 1188 amplissimam
2016 1112 2241 1172 scilicet
2289 1131 2471 1191 opum

275 1201 411 1262 viam
437 1211 621 1284 atque
652 1205 1001 1265 uberrimam
1051 1205 1351 1265 materiam
1400 1205 1857 1285 triumphorum:
1901 1227 2018 1267 non
2046 1208 2207 1288 qnod
2239 1221 2471 1274 senatus

271 1299 318 1359 ei
345 1301 783 1381 'l'ransalpinam
812 1301 1072 1362 Galliam
1098 1302 1278 1362 libere
1305 1302 1486 1375 daret,
1538 1303 1644 1364 sed
1688 1303 1904 1364 veritus
1930 1324 2006 1363 ne
2041 1324 2077 1364 a
2110 1326 2171 1366 se
2197 1319 2472 1387 negatum

270 1397 518 1475 populns
548 1399 870 1477 largiretur,
913 1408 975 1458 et
1000 1398 1161 1477 quod
1190 1419 1357 1460 suum
1400 1401 1625 1461 nollent
1671 1422 1881 1462 munus
1934 1403 2156 1464 ¹⁹fieret
2198 1405 2473 1467 alienum.

271 1492 390 1554 Nec
414 1493 565 1556 dnm
597 1495 816 1556 invidia
855 1496 1210 1574 quiescente,
1249 1496 1379 1575 jam
1431 1498 1800 1575 ²‘’provectus
1829 1498 1887 1557 in
1915 1500 2295 1577 provinciam,
2339 1503 2474 1582 [15]

270 1602 577 1654 tconsatus
600 1594 679 1654 ab
708 1593 932 1654 aemulis
959 1592 1305 1672 procuravit
1347 1603 1414 1653 ut
1461 1594 1671 1656 absens
1699 1596 2040 1674 reipublicae
2067 1617 2244 1658 causa
2273 1600 2472 1660 vocari

274 1687 661 1769 adjudicium
692 1709 812 1751 non
841 1699 1060 1769 posset,
1091 1690 1409 1769 posuitque
1450 1692 1512 1752 in
1559 1693 1834 1766 animum,
1883 1715 2083 1755 omnes
2114 1697 2215 1775 qui
2244 1697 2317 1758 ad
2348 1718 2472 1759 ma-

274 1785 537 1864 gistratus
591 1787 940 1848 ²¹assensuri
965 1796 1177 1859 essent,
1224 1787 1338 1847 sibi
1366 1792 1588 1850 amicos
1616 1788 1862 1863 efficere,
1912 1801 2094 1870 atque
2119 1813 2190 1852 ex
2218 1792 2319 1854 illo
2345 1796 2475 1856 nul-

274 1882 384 1943 lum
409 1885 716 1964 adjuvare,
746 1884 849 1945 sed
877 1904 985 1963 pro
1020 1883 1244 1944 viribus
1285 1883 1585 1963 impedire,
1627 1887 1735 1946 nisi
1763 1888 1868 1965 qui
1895 1888 2011 1949 sibi
2054 1890 2473 1968 pollicerentur

274 1982 483 2060 seejus
528 1982 859 2042 absentiam
887 1981 1265 2053 defensurosg
1311 1991 1377 2043 ut
1419 2002 1456 2043 a
1498 1984 1789 2044 nonnullis
1833 1987 1944 2045 hac
1973 1987 2047 2046 de
2085 2007 2145 2046 re
2175 1986 2476 2065 jusjuran-

277 2075 404 2138 dum
430 2097 507 2139 ac
534 2078 994 2158 chirographum
1022 2098 1144 2137 non
1197 2080 1485 2140 2²veretur
1525 2081 1820 2160 accipere.
1904 2083 2170 2144 Audiens
2222 2104 2361 2145 vero
2407 2087 2478 2147 L.

276 2173 595 2236 Domitium
644 2174 1004 2237 consularem
1055 2174 1433 2236 candidatum
1463 2178 1564 2255 qui
1610 2196 1745 2237 eum
1773 2188 1992 2257 praetor
2017 2199 2171 2240 anno
2199 2182 2313 2240 alio
2342 2201 2477 2241 vex·

273 2289 365 2332 are
390 2274 674 2344 voluerat,
692 2273 931 2352 jactare
957 2271 1191 2332 solitum
1220 2290 1300 2342 se,
1344 2274 1505 2351 quod
1535 2282 1753 2352 praetor
1779 2276 2148 2353 nequivisset,
2177 2279 2474 2338 consulem

274 2368 636 2442 effecturum,
668 2369 897 2450 sibique
923 2368 1247 2430 exercitum
1274 2377 1612 2446 erepturum
1636 2392 1654 2439 ς
1710 2371 1862 2432 illius
1892 2374 2260 2433 consulatum
2289 2376 2473 2453 impe-

273 2466 470 2529 diendi
495 2468 655 2528 viam
683 2487 857 2528 unam
888 2466 1226 2539 meditatus,
1256 2487 1445 2527 novos
1475 2468 1698 2530 amicos
1725 2471 2070 2549 Pompeium
2109 2482 2172 2532 et
2197 2474 2473 2535 Crassum

270 2563 345 2623 ad
370 2585 435 2625 se
462 2566 694 2625 Lucam
711 2565 849 2642 jure
873 2563 1147 2625 amicitiae
1174 2563 1233 2622 in
1259 2563 1626 2643 colloquium
1651 2573 1939 2638 evocatos,
1971 2567 2206 2627 induxit
2243 2580 2310 2628 ut
2337 2569 2477 2628 anni

270 2660 538 2722 instantis
560 2662 934 2722 consulatum
954 2670 1250 2740 peterent:
1295 2670 1584 2739 quatenus
1623 2663 1802 2723 tantis
1844 2663 2327 2742 competitoribus
2376 2665 2476 2725 ille

274 2758 715 2829 succumberet;
758 2758 1192 2839 providensque
1218 2758 1279 2818 in
1308 2767 1627 2837 posterum,
1667 2778 1742 2818 ne
1770 2759 1913 2839 quid
1944 2760 2001 2820 in
2028 2781 2088 2821 se
2111 2761 2263 2821 livor
2288 2762 2477 2840 possit

279 2857 519 2928 hostilis,
543 2856 686 2917 illud
710 2876 948 2936 quoque
969 2857 1634 2936 suffragatoribustantis
1648 2857 1920 2929 obtinuit,
1934 2858 2239 2938 imperium
2256 2878 2289 2917 a
2312 2877 2476 2919 sena-

278 2964 339 3016 tn
378 2955 497 3016 sibi
528 2955 587 3014 in
616 2953 1076 3033 quinquennium
1103 2956 1441 3034 prorogari:
1487 2975 1626 3034 quae
1649 2954 1890 3035 quidem
1918 2963 1977 3015 et
1998 2955 2296 3026 inflallia,
2325 2965 2384 3015 et
2411 2956 2474 3016 in

278 3051 461 3126 Italia,
517 3062 582 3112 et
632 3052 695 3111 in
749 3061 876 3112 toto
943 3053 1087 3113 orbe
1147 3072 1490 3132 magnorum
1540 3062 1807 3113 motuum
1874 3072 2051 3113 causa
2118 3052 2251 3112 fuit.
2362 3049 2475 3112 His

280 3149 429 3211 enim
480 3148 561 3209 ad
611 3157 751 3208 vota
789 3148 1101 3209 fluentibus
1147 3150 1275 3227 jam
1339 3150 1614 3222 securior,
1659 3158 1722 3210 et
1773 3147 2041 3229 despexit
2092 3146 2473 3220 adversarios,

282 3258 339 3309 et
372 3246 706 3328 legionibus
756 3245 920 3306 novis
966 3265 1073 3325 pro
1123 3245 1364 3306 arbitrio
1415 3247 1778 3325 conscriptis,
1824 3266 1996 3306 omne
2043 3243 2475 3325 quantumlibet

281 3342 665 3422 periculosum
696 3354 757 3403 et
783 3362 953 3422 grave
977 3341 1112 3403 belli
1138 3362 1322 3421 genus
1343 3362 1648 3423 aggressus
1675 3344 1773 3404 illa
1797 3342 1981 3423 gessit
2004 3341 2080 3402 de
2101 3340 2318 3422 quibus
2344 3341 2475 3421 ipse

270 3440 394 3519 jam
421 3442 562 3502 hinc
588 3462 759 3519 agere
785 3440 1108 3520 aggrediar.

357 3542 696 3619 scripturus
723 3560 816 3600 res
855 3540 889 3600 J
896 3539 997 3598 ulii
1024 3539 1275 3600 Caesaris
1301 3547 1495 3617 gestas
1525 3539 1584 3598 in
1611 3539 1842 3610 Galliis,
1887 3537 2140 3616 primum
2171 3556 2298 3595 esse
2330 3533 2476 3595 mihi

283 3636 503 3697 credidi
550 3636 878 3697 Galliarum
924 3635 1093 3695 situm
1142 3634 1243 3695 ubi
1290 3656 1379 3695 res
1410 3643 1592 3714 gestae
1620 3643 1789 3694 erant
1815 3633 2183 3694 describere:
2230 3631 2394 3712 quod
2436 3650 2476 3692 a

284 3733 629 3813 quibusdam
673 3732 917 3793 confuse
937 3732 1087 3793 adeo
1112 3732 1334 3793 factum
1377 3741 1486 3802 est,
1519 3741 1583 3792 ut
1611 3732 1853 3812 legentis
1882 3730 2242 3810 ingenium-a
2269 3728 2477 3790 notitia

280 3849 464 3891 rerum
491 3840 691 3891 arceat
719 3830 844 3908 ipsa
872 3829 1209 3908 descriptio.
1294 3831 1444 3899 Quae
1473 3849 1562 3889 res
1591 3849 1664 3889 eo
1692 3830 1923 3890 facilior
1950 3829 2091 3889 mihi
2118 3848 2243 3887 esse
2270 3827 2472 3899 debet,

287 3946 399 4007 qno
435 3928 739 4007 regionum
792 3925 1020 3987 illarum
1059 3925 1514 3986 distantissimos
1560 3924 1708 3985 fines
1755 3925 1875 3986 fere
1927 3944 2151 3997 omnes,
2193 3932 2348 3982 nnnc
2400 3932 2474 3982 e'x

344 4141 404 4188 18
434 4138 613 4201 Forte,
632 4138 841 4195 iae-19
871 4138 1049 4203 Forte,
1069 4136 1340 4204 ,βοὴ-20
1374 4137 1535 4202 Lege,
1554 4134 1935 4200 mecm-21
1967 4133 2126 4198 Lege,
2154 4126 2474 4181 axam-i.—

278 4220 344 4273 ²²
370 4218 530 4287 Lege,
546 4223 811 4273 mamr-
