3017 4925
465 355 639 422 lfflo
1113 372 1174 421 s.
1219 370 1433 422 censi
1480 370 2017 422 consummem

463 520 674 600 iuquit,
702 540 789 580 me
819 519 1066 600 decepit.
1127 520 1237 581 His
1264 520 1361 580 ille
1382 519 1558 579 simul
1585 527 1827 580 vexatus
1850 515 2267 588 incommodis:
2311 534 2491 596 paene
2520 536 2677 597 quo—

464 617 608 679 tidie
654 617 899 677 latibula
946 619 1339 695 permutabat,
1396 637 1575 697 seque
1630 634 2053 694 nonnunquam
2103 616 2180 673 ab
2230 614 2681 693 inquisitoribus

465 716 721 793 pecunia
766 715 1120 784 redimebat;
1165 714 1397 775 futurus
1425 735 1622 795 regum
1667 713 1942 773 dominus
1984 732 2055 773 ac
2082 731 2418 791 regnorum:
2466 722 2530 771 et
2558 720 2683 771 tam

465 811 570 871 diu
598 813 709 872 boc
740 811 795 870 in
829 819 981 870 statu
1017 810 1145 884 fuit,
1176 812 1365 872 donec
1414 815 1775 872 ‘Mamercus
1803 810 2064 871 AEmilius
2106 818 2166 869 et
2195 810 2469 869 Aurelius
2501 808 2688 869 Cotta

466 908 573 968 viri
621 908 968 972 nobilissimi
1013 917 1075 968 et
1116 908 1314 968 affines
1361 908 1507 987 ejus,
1560 908 1739 967 Sullae
1786 927 1925 968 vero
1972 905 2342 976 amicissimi:
2387 906 2686 983 simulque

466 1006 730 1066 Vestales
760 1003 1008 1083 virgines
1051 1009 1321 1083 (quarum
1362 1024 1591 1064 summa
1632 1013 1776 1064 tunc
1823 1013 1950 1065 erat
1993 1007 2336 1079 auctoritas)
2364 1002 2566 1064 multis
2610 1020 2683 1061 ac

467 1102 673 1162 validis
720 1103 991 1181 precibus
1046 1103 1156 1163 sibi
1211 1103 1440 1162 veniam
1491 1103 1874 1181 quaesierunt:
1919 1102 2021 1162 ubi
2075 1103 2220 1162 illud
2272 1099 2684 1169 memorabile,

469 1198 631 1278 quod
660 1220 799 1259 cum
843 1199 1004 1259 Sulla
1048 1200 1270 1259 diutius
1316 1200 1676 1273 obstetisset,
1706 1219 1900 1278 neque
1930 1201 2078 1260 ullus
2112 1199 2433 1279 ²peccandi
2464 1195 2682 1257 modus

467 1308 616 1357 esset
629 1318 645 1366 3
690 1298 880 1356 victus
908 1297 984 1358 ad
1016 1297 1286 1356 ultimum
1328 1296 1698 1369 exclamavit,
1741 1297 1834 1356 vel
1877 1296 2074 1356 divino
2118 1296 2399 1358 instinctu
2428 1294 2526 1353 vel
2573 1293 2688 1352 hu-

466 1412 641 1454 mana
668 1393 1075 1454 tantummodo
1103 1394 1483 1472 conjectura;
1529 1401 1590 1453 et
1617 1395 1832 1454 vincite
1858 1393 1958 1465 ait,
2014 1401 2185 1474 atque
2213 1394 2486 1454 habetote
2527 1390 2689 1451 vobis

466 1494 801 1571 cunctisque
827 1491 1117 1552 nobilibus
1148 1493 1255 1552 hoc
1284 1490 1622 1554 ιίαηιηοειιηα
1650 1491 1884 1552 donum.
1928 1491 2216 1552 Praedico
2243 1498 2439 1551 autem
2469 1486 2685 1560 vobis,'

464 1586 583 1660 laic,
612 1607 776 1668 quem
802 1592 964 1649 enixe
990 1588 1132 1649 adeo
1180 1587 1399 1647 salvum
1444 1587 1644 1656 vultis,
1694 1588 2041 1666 optimatum
2076 1587 2378 1667 partibus,
2410 1605 2558 1665 quas
2585 1603 2687 1645 vos

466 1704 681 1746 mecum
725 1685 1095 1765 defendistis,
1144 1684 1485 1765 quaudoque
1534 1685 1653 1744 erit
1696 1685 1941 1746 excidio.
2030 1685 2258 1745 Caesart‘
2303 1687 2458 1743 enim
2508 1681 2689 1742 multi

469 1783 678 1842 insum
706 1783 925 1842 Marii.
1008 1783 1159 1843 Haec
1188 1802 1329 1842 sane
1356 1782 1673 1842 minutiora
1702 1783 1807 1843 viri
1837 1781 2013 1861 hujus
2048 1782 2136 1843 his
2174 1781 2424 1842 fortasse
2450 1778 2689 1860 profue-

467 1878 603 1949 rint,
631 1880 733 1957 qui
774 1878 1127 1938 laboriosam
1170 1877 1624 1939 adolescentiam
1654 1878 1896 1959 degunt,
1939 1899 2013 1939 ne
2041 1880 2349 1959 desperent
2378 1873 2686 1958 vigilando

468 1994 541 2036 ac
568 1974 927 2036 intendendo
955 1976 1031 2036 ad
1056 1976 1263 2037 altiora
1286 1976 1701 2040 conscendere!
1748 1977 1894 2036 dum
1917 1977 2102 2037 virum
2135 1977 2478 2055 principem,
2504 1971 2684 2035 tantis

468 2070 773 2133 obsessum
801 2073 1248 2135 difficultatibus
1296 2076 1482 2155 prima
1506 2075 1840 2136 audiverint
1866 2083 2061 2135 aetate.
2146 2073 2427 2134 Militavit
2454 2070 2681 2132 adoles-

471 2188 611 2229 cens
634 2170 692 2230 in
722 2171 878 2245 Asia,
909 2172 1264 2252 Graeciaque
1291 2181 1354 2233 et
1380 2174 1608 2245 Cilicia,
1635 2173 1793 2233 sama
1814 2192 1972 2232 nunc
2000 2172 2172 2241 clara,
2203 2189 2362 2231 nune
2392 2170 2684 2230 obscura:

469 2265 670 2326 audita
711 2277 908 2328 autem
956 2269 1133 2330 Sunae
1162 2279 1368 2348 morte,
1397 2271 1635 2331 ³iterum
1666 2268 2067 2330 novandarum
2106 2286 2211 2346 spe
2239 2267 2532 2338 trahente,
2563 2264 2685 2323 Ro-

471 2381 627 2423 mam
657 2362 857 2423 rediit:
901 2365 1003 2425 sed
1036 2365 1191 2425 civili
1232 2378 1395 2427 motu
1426 2377 1641 2447 praeter
1665 2387 1829 2447 spem
1876 2384 2230 2444 compresso,
2272 2383 2346 2423 ne
2374 2362 2520 2424 nihil
2546 2378 2685 2439 age-

470 2470 585 2530 ret,
611 2459 947 2522 Cornelium
976 2464 1341 2524 Dolabellam
1369 2465 1735 2527 consularem
1764 2483 1836 2525 ac
1865 2462 2275 2543 triumphalem
2299 2462 2484 2523 virum
2513 2453 2686 2537 repe-'-

472 2555 790 2618 tundarum
817 2560 1137 2622 accusavit.
1208 2564 1346 2632 Quo
1363 2561 1600 2642 judicio
1627 2581 1895 2642 magnam
1925 2560 2036 2621 sibi
2062 2559 2277 2620 famam
2304 2554 2687 2638 eloquentiae,

472 2654 577 2715 sed
600 2666 663 2717 et
689 2657 937 2718 multum
968 2659 1234 2737 quaesivit
1261 2660 1527 2721 invidiae:
1564 2678 1740 2739 quam
1772 2670 1840 2719 ut
1865 2659 2069 2719 leniret
2093 2652 2376 2728 absentia,
2407 2654 2688 2717 absoluto

470 2771 592 2828 reo,
639 2751 733 2831 [9]
774 2752 1065 2830 rebusque
1095 2755 1357 2833 undique
1404 2755 1552 2815 citra
1600 2765 1738 2815 vota
1767 2754 2103 2825 fluentibus,
2146 2753 2207 2813 in
2245 2755 2499 2814 insulam
2528 2750 2690 2812 Rho-

470 2849 614 2909 dum
642 2868 703 2908 se
746 2850 1009 2911 conferre
1036 2850 1354 2929 disposuit:
1400 2852 1572 2912 simul
1602 2860 1669 2912 ut
1694 2853 1818 2912 otio
1866 2871 2112 2931 operam
2153 2851 2324 2911 daret
2365 2870 2440 2911 ac
2482 2847 2684 2917 literis,

471 2945 632 3026 apud
662 2946 1043 3025 Apollonium
1085 2946 1399 3008 ⁴Milonem
1447 2947 1828 3008 clarissimum
1871 2959 2015 3008 tunc
2039 2947 2332 3008 facundiae
2357 2953 2685 3028 proecepto-

470 3061 612 3115 rem,
644 3043 756 3102 sub
799 3063 920 3122 quo
949 3043 1159 3104 Cicero
1189 3045 1314 3123 ipsc
1361 3046 1648 3106 Romanae
1692 3047 1967 3124 princeps
1997 3045 2352 3124 eloquentiae
2398 3042 2682 3105 didicisse
2747 3056 2752 3061 ·

473 3138 752 3200 creditur.
836 3141 951 3200 Sed
978 3140 1121 3201 dum
1148 3161 1222 3201 eo
1251 3141 1484 3221 navigat
1511 3161 1547 3201 a
1586 3142 1792 3221 piratis
1820 3152 2050 3221 captus,
2081 3141 2468 3201 familiaribus
2498 3135 2684 3200 omni-

475 3236 605 3308 bus,
636 3244 852 3316 praeter
878 3247 993 3298 tres
1020 3239 1292 3300 remissos
1331 3240 1408 3300 ad
1438 3239 1854 3320 redemptionis
1882 3260 2001 3299 suae
2029 3239 2339 3319 pecuniam
2368 3252 2684 3317 procuran-

473 3332 643 3404 dam3
688 3334 902 3394 mansit
948 3355 1084 3395 cum
1134 3336 1519 3414 praedonibus
1569 3338 1693 3397 dies
1749 3339 1905 3399 circa
1953 3336 2358 3415 quadraginta,
2399 3354 2515 3395 non
2556 3329 2680 3391 sine

474 3431 704 3493 tristitia
731 3440 794 3493 et
839 3430 1236 3512 indignatione
1274 3435 1636 3514 gravissima.
1718 3436 1991 3513 Cumque
2030 3433 2110 3493 illi
2137 3448 2271 3494 cum
2305 3453 2378 3493 ex
2405 3430 2680 3492 convictu

470 3526 863 3590 familiaritate
908 3540 1035 3591 orta
1081 3543 1635 3611 percunctarentur:
1682 3533 1825 3613 quid
1883 3533 1965 3592 eis
2019 3531 2067 3592 si
2119 3531 2182 3590 in
2229 3548 2337 3590 sua
2390 3535 2680 3608 potestate

471 3635 691 3697 essem,
720 3626 962 3700 faceret,
990 3630 1388 3708 respondebat
1420 3631 1653 3708 jocanti
1680 3630 1880 3690 similis
1905 3648 1967 3689 se
2003 3628 2132 3688 illos
2173 3626 2451 3687 crucibus
2479 3623 2681 3684 affixu-

471 3740 624 3794 rum,
671 3721 849 3802 idque
896 3723 979 3784 ita
1024 3724 1150 3784 fore
1184 3725 1577 3804 jurejurando
1627 3727 1806 3787 tacito
1852 3723 2261 3787 confirmabat.
2343 3725 2498 3784 Cum
2541 3735 2678 3780 vero

473 3808 789 3882 comitibus
814 3840 883 3880 ac
910 3821 1087 3881 servis
1114 3823 1307 3882 Roma
1331 3822 1713 3884 redeuntibus
1762 3832 1821 3883 et
1862 3820 2287 3902 quinquaginta
2313 3819 2542 3880 talentis
2568 3833 2675 3896 pro

536 3988 569 4019 ‘⁵
602 3989 942 4042 Interseritur
964 3991 1048 4043 bic
1070 3993 1152 4058 qui
1185 3993 1240 4044 in
1260 3993 1437 4061 editis,
1456 3995 1555 4047 boc
1595 4001 1678 4046 cst
1709 4008 1852 4061 quam
1882 3997 1972 4043 aut
1994 3995 2237 4056 quantum,
2258 3989 2394 4056 quod
2419 3980 2676 4039 sententia

473 4086 500 4121 r
598 4071 694 4122 nit.

475 4086 753 4285 1:51¹)th
774 4155 1079 4206 Marcum-2
1111 4155 1271 4223 Lege,
1288 4156 1627 4222 precanda—³
1663 4156 1823 4222 Lege,
1859 4166 2018 4205 rerunt
2050 4151 2484 4203 nomam—4
2516 4145 2677 4209 Lege,
