3017 4925
887 392 988 441 m
1028 391 1208 440 vrrs
1253 390 1459 441 sumi
1506 390 1857 441 causis.
2286 376 2465 444 18⁰7

287 545 424 607 ximo
445 564 680 607 omnem
700 564 838 624 quse
865 554 1002 605 ante
1031 545 1290 605 Alesiam
1331 555 1458 605 erat
1482 543 1835 623 ²⁴co=nplere
1862 542 2192 623 planitiam
2220 544 2462 606 horrea-

285 642 410 703 dum
427 644 698 704 hostibus
740 643 1163 721 spectaculum,
1197 643 1256 703 ni
1286 643 1537 705 Romani
1555 666 1573 713 ;
1614 641 1871 702 obsessis
1903 660 2037 700 vero
2066 641 2461 702 laetissimum:

283 737 461 819 itaque
497 749 827 819 conspectu
855 740 986 819 ipso
1021 739 1298 819 gaudium
1342 750 1402 799 et
1444 738 1757 818 gratulatio
1807 739 2012 814 ingens
2052 736 2196 809 fieri,
2227 736 2466 817 quo'as-

288 847 496 914 sumpta
544 836 626 898 fid
633 837 766 917 ucia
815 836 999 915 portis
1054 835 1270 915 egressi
1317 835 1614 915 eruptioni
1668 855 1741 895 ac
1789 835 1992 913 proelio
2040 845 2467 914 praeparantur.

286 931 459 993 Cesar
480 933 552 992 ad
582 933 781 993 omnia
806 932 1255 1011 praesentissimo
1282 932 1478 992 animo
1505 951 1638 992 suas
1656 933 1859 1010 copias
1884 933 2156 1010 partitus,
2180 933 2288 993 hos
2314 933 2466 1006 unis,

288 1027 384 1088 hos
405 1029 525 1089 aliis
550 1028 802 1108 objicit:
851 1029 1084 1090 duobus
1111 1029 1332 1106 magnis
1358 1030 1574 1107 proeliis
1615 1048 1687 1088 ea
1730 1029 1789 1088 in
1832 1029 1982 1089 valle
2029 1039 2315 1088 certatum
2356 1041 2469 1101 est,

285 1126 440 1187 tertio
482 1128 658 1187 etiam
689 1126 967 1206 ancipiti:
1018 1135 1263 1205 eratque
1308 1145 1380 1185 eo
1412 1126 1667 1186 bostium
1696 1127 1962 1186 incursus
1987 1125 2301 1198 ardentior,
2349 1146 2479 1206 qu·

285 1241 500 1284 snorum
544 1224 659 1284 sub
703 1223 893 1284 oculis
937 1225 1329 1303 pugnabatur,
1373 1243 1480 1283 nec
1524 1224 1704 1283 latere
1744 1222 2094 1302 cujusquam
2134 1224 2319 1284 virtus
2359 1244 2471 1287 nec

283 1317 492 1398 ignavia
543 1329 806 1400 poterat:
858 1330 920 1380 et
985 1328 1317 1398 pugnantes
1366 1330 1537 1398 gestu
1581 1329 1643 1379 et
1698 1319 2047 1379 clamoribus
2109 1339 2181 1380 ac
2231 1321 2469 1382 Gallico

277 1415 581 1493 juvabatur
608 1417 881 1477 ululatu:
924 1416 1093 1475 tertio
1135 1435 1272 1475 vero
1313 1435 1437 1493 quo
1473 1425 1796 1494 pugnatum
1832 1414 2085 1475 diximus
2127 1435 2468 1496 congressu,

283 1512 417 1573 adeo
453 1514 509 1573 in
553 1522 820 1573 extremo
864 1512 1130 1571 Romana
1177 1530 1267 1570 res
1315 1512 1502 1585 stetit,
1543 1512 1701 1591 quod
1742 1513 1853 1571 nisi
1903 1514 2102 1573 Caesar
2144 1513 2469 1575 Labienum

287 1626 404 1669 cum
444 1608 810 1680 cohortibus,
839 1618 899 1669 et
938 1607 1074 1672 inde
1095 1608 1412 1687 ²⁵aliosqne
1453 1608 1516 1669 in
1543 1618 1809 1688 tempore
1851 1609 2231 1681 submisisset,
2260 1619 2321 1670 et
2347 1611 2472 1690 ipse

284 1703 500 1767 demum
527 1705 787 1767 mediam
830 1726 957 1766 sese
980 1706 1041 1766 in
1080 1706 1270 1766 aciem
1311 1704 1565 1767 terrifico
1608 1707 1830 1786 impetn
1864 1707 2226 1785 conjecisset,
2270 1707 2474 1769 laben·

284 1810 500 1882 temque
522 1820 656 1863 rem
696 1801 1001 1874 firmasset,
1029 1811 1216 1882 atque*
1238 1804 1316 1864 ita
1344 1805 1801 1882 permiscuisset,
1829 1814 1897 1865 ut
1935 1806 2132 1864 nullus
2160 1804 2474 1865 missilibus

282 1895 432 1959 locus
457 1909 640 1968 esset,
670 1900 774 1959 sed
802 1897 1008 1978 gladiis
1049 1900 1244 1961 omnia
1270 1912 1641 1979 gererentur:
1682 1902 1933 1981 denique
1974 1902 2086 1961 sub
2116 1921 2475 1982 quocunque

283 1992 416 2055 duce
435 1995 552 2056 alio
587 1994 778 2056 ²⁶alibi
816 2005 880 2056 et
903 2014 1071 2057 ruere
1099 1998 1289 2059 omnia
1319 1998 1676 2076 potuissentt
1718 2017 1927 2077 magua
1952 2008 2044 2060 est
2087 1999 2257 2059 unius
2291 1999 2475 2059 virtus

281 2090 535 2166 bominis,
557 2112 775 2171 magua
790 2091 1050 2153 fortuna:
1078 2095 1252 2173 [158]
1279 2096 1551 2156 omnibus
1569 2097 1804 2156 tandein
1828 2096 2052 2175 prm-liis
2073 2096 2261 2156 victor
2278 2096 2480 2156 Caesar

283 2187 449 2267 siguis
472 2190 683 2250 multis
721 2188 1063 2251 militaribus
1087 2191 1161 2251 ad
1187 2212 1250 2250 se
1275 2192 1490 2264 relatis,
1519 2192 1740 2271 ingenti
1766 2203 1958 2271 strage
1986 2192 2285 2252 hominum
2315 2192 2479 2254 sacta

283 2294 338 2347 et
362 2287 623 2347 ducibus
666 2286 866 2347 multis
916 2288 1100 2359 caesis,
1141 2290 1715 2350 Vercasmellannum
1765 2291 2085 2350 Alvernum
2127 2289 2478 2350 auxiliorum

284 2381 486 2445 ducem
513 2384 782 2444 omniurn
812 2384 1010 2447 vivum
1038 2386 1221 2465 cepit:
1268 2386 1502 2466 plurimi
1532 2387 1848 2448 interfecti:
1892 2388 2069 2467 pauci
2098 2387 2237 2466 fuga
2271 2387 2479 2466 elapsi.

283 2481 355 2542 Et
387 2483 491 2542 nisi
538 2481 752 2541 milites
793 2482 1042 2543 Romani
1083 2491 1246 2543 tanto
1285 2494 1348 2543 et
1385 2496 1509 2543 tam
1549 2485 1710 2544 vario
1750 2484 1951 2544 labore
1995 2482 2152 2543 baud
2190 2483 2481 2544 immerito

279 2574 492 2656 fatigati
541 2579 776 2657 insequi
813 2567 1240 2657 nequivissent3
1286 2582 1382 2639 vix
1418 2580 1630 2659 aliquis
1672 2580 1978 2640 evasisset:
2031 2579 2236 2639 missus
2281 2590 2478 2639 tamen

284 2674 580 2752 equitatus
616 2693 652 2734 a
680 2676 912 2737 Caesare
955 2685 1129 2737 nocte
1176 2675 1371 2737 media
1416 2675 1494 2736 ad
1536 2675 1967 2755 insequendum
2011 2674 2311 2754 profugos,
2354 2685 2479 2735 tum

285 2770 511 2832 ultimos
557 2772 870 2851 attigisset,
912 2776 1126 2835 multos
1154 2775 1336 2853 capit,
1367 2775 1586 2836 multos
1609 2773 1927 2835 interficit:
1967 2774 2166 2835 caeteri
2206 2775 2317 2834 hac
2347 2773 2479 2835 illac

284 2865 514 2928 incertis
542 2868 698 2949 sugae
722 2871 976 2950 vestigiis
1005 2871 1063 2930 in
1091 2871 1334 2950 patriam
1358 2873 1610 2951 quisque
1631 2892 1797 2932 suam
1826 2871 2064 2943 abeunt,
2092 2872 2484 2951 nuntiantque

288 2981 414 3042 qua
440 2965 731 3026 viderant.
801 2968 885 3027 At
913 2967 1136 3026 obsessi
1163 2966 1322 3026 omni
1349 2987 1455 3045 spe
1483 2979 1846 3047 consumpta,
1876 2979 1938 3028 et
1965 2969 2108 3049 quid
2136 2978 2312 3048 agant
2338 2968 2484 3048 quid

288 3062 508 3122 consilii
549 3062 785 3142 capiant
830 3064 1033 3142 ignari,
1084 3064 1186 3123 tali
1241 3062 1478 3124 tandem
1540 3065 2022 3144 Vercingetorigis
2072 3066 2334 3126 oratione
2389 3064 2487 3127 fir-

289 3167 536 3219 mantur.
610 3165 628 3192 ⁶
655 3160 822 3238 Ego‚’
847 3160 1058 3239 inquit,
1090 3167 1108 3193 ‘
1129 3160 1291 3219 Deos
1315 3179 1518 3220 omues
1547 3170 1749 3234 testor,
1780 3161 1999 3220 bellum
2027 3162 2142 3222 hoc
2171 3182 2289 3222 non
2318 3182 2486 3237 meae,

289 3254 382 3315 sed
409 3256 672 3335 publicae
717 3256 978 3316 utilitatis
1013 3256 1475 3316 consideratione
1519 3257 1773 3335 suscepi,
1803 3258 2015 3336 egique
2056 3257 2304 3317 fideliter
2339 3256 2487 3320 dum

289 3353 489 3429 potui:
533 3353 671 3412 satis
715 3351 1155 3413 adversantibus
1203 3373 1324 3413 rem
1361 3356 1682 3431 ²⁷egressus
1721 3364 2111 3434 expertusque
2153 3354 2367 3425 omnia,
2406 3354 2487 3416 ad

294 3447 555 3510 ultimum
583 3449 772 3509 victus
818 3470 986 3510 sum:
1031 3470 1224 3528 neque
1271 3451 1331 3510 in
1374 3470 1467 3510 me
1497 3449 1821 3529 quidquam
1864 3450 2153 3527 ampliusg
2207 3469 2399 3528 neque
2427 3450 2491 3512 in

292 3544 406 3604 alio
445 3545 612 3626 quod
651 3547 881 3608 videam
931 3547 1058 3626 spei
1100 3560 1233 3608 est:
1283 3546 1619 3608 cedendum
1652 3548 1781 3625 jam
1828 3547 2077 3606 fortunae
2119 3565 2352 3607 censeo:
2393 3547 2493 3609 cui

293 3640 563 3702 libentius
604 3641 794 3703 fateor
830 3664 949 3703 non
978 3645 1279 3706 cederemz
1320 3645 1424 3706 sed
1452 3645 1840 3705 ineluctabilis
1877 3653 1940 3703 et
1978 3644 2195 3704 invicta
2226 3653 2335 3706 est.
2417 3645 2492 3706 ld

298 3756 470 3799 unum
503 3740 882 3818 cogitandum
909 3751 1090 3801 restat
1119 3743 1400 3802 Romanis
1428 3741 1745 3802 victoribus
1775 3741 2023 3822 qualiter
2048 3741 2187 3803 satis
2216 3741 2357 3803 fiat:
2400 3741 2491 3802 id·

296 3853 411 3912 que
434 3856 549 3915 ego
575 3856 693 3896 non
722 3838 890 3897 aliter
916 3858 1092 3916 quam
1122 3839 1236 3900 mei
1264 3839 1441 3917 ipsius
1468 3839 1808 3918 captivitate
1837 3858 1937 3898 seu
1981 3851 2167 3899 morte
2210 3837 2337 3898 fieri
2365 3858 2496 3898 seu·

298 3929 399 3992 tio.
477 3933 570 3992 Ad
601 3935 913 4014 utrumque
942 3955 1052 4015 ego
1091 3936 1265 3994 etiam
1294 3954 1468 4014 aequo
1497 3935 1690 3994 animo
1731 3951 1967 4014 paratus
2007 3956 2156 4006 sum,
2199 3954 2301 3994 seu
2328 3934 2495 3996 vivus

297 4045 399 4087 seu
422 4030 655 4092 occisus
693 4031 755 4091 in
799 4051 1000 4093 manus
1046 4031 1299 4092 hostium
1342 4032 1554 4091 venire.
1624 4031 1923 4092 Placemus
1965 4032 2278 4102 Caesarem,
2318 4049 2496 4112 quem

363 4192 426 4239 24
461 4191 619 4257 Lege,
636 4194 1063 4258 complevere—25
1093 4195 1253 4260 Lege,
1273 4194 1393 4246 alios
1422 4198 1751 4261 quoqne—so
1770 4195 1930 4260 Lege,
1949 4192 2190 4246 labb—27
2228 4191 2387 4256 1⁸80»
2411 4206 2499 4257 αὖ·

302 4281 504 4330 m.
