3017 4925
524 391 702 459 2012
1259 408 1567 458 Josnrm
1617 407 2019 459 scAmemu

524 553 1006 640 Antwerpiam.
1121 552 1277 618 Hoc
1356 573 1584 618 verum
1655 552 1875 631 fuerit,
1949 553 2282 636 siquidem
2358 552 2743 641 Antwerpia

525 658 756 724 eadem
789 678 939 723 cum
968 655 1376 738 Tungrorum
1406 657 1569 718 urbe
1597 675 1744 719 esse
1769 661 2010 740 potest.
2077 655 2213 720 Sed
2244 676 2449 740 nugas
2478 657 2743 723 Bekke-

525 762 847 826 selenicas
901 761 1143 825 missas
1207 757 1513 821 facimus.
1631 753 2034 841 Antwerpiae
2087 760 2507 823 vetustiorem.
2560 779 2743 824 men-

523 864 765 928 tionem
823 883 953 928 non
1002 862 1282 946 reperi0,
1332 879 1537 943 quam
1582 860 1650 923 in
1694 856 2065 925 Annalibus
2107 863 2390 925 vetustis
2439 861 2742 926 Franciae

524 965 720 1030 editis
793 985 836 1029 a
893 964 1160 1030 Pithoeo
1217 968 1470 1039 nostr0,
1538 963 1609 1027 in
1666 963 1908 1047 quibus
1979 964 2106 1028 snb
2181 984 2421 1028 annum
2493 963 2748 1029 Christi

531 1068 1314 1149 ncocxxxvdegimus:
1361 1070 1381 1099 ‘
1411 1065 1781 1132 Normanni
1799 1065 2253 1152 Antwerpiam
2283 1068 2625 1132 civitatem
2654 1067 2749 1132 in-

530 1168 861 1236 cendunt.’

614 1271 1024 1360 Agendicum.
1147 1270 1250 1336 La
1296 1270 1445 1337 ville
1504 1269 1579 1335 de
1631 1269 1804 1352 Sens,
1858 1293 1990 1337 non
2040 1279 2261 1338 autem
2326 1271 2627 1353 Provins,
2673 1280 2789 1340 ut*

523 1376 732 1442 stulti.

609 1477 983 1545 Avaricum.
1101 1478 1302 1544 Stulti
1353 1486 1584 1564 putant
1637 1499 1787 1545 esse
1846 1479 2240 1563 oppidulum
2305 1479 2747 1545 Bituricensis

526 1583 903 1649 dioeceseos
944 1583 1210 1648 nomine
1248 1577 1309 1644 V
1304 1582 1536 1647 ierzou.
1640 1583 1773 1647 Sed
1804 1582 1950 1647 haec
1987 1582 2135 1666 jam
2181 1582 2525 1649 confutata
2569 1589 2746 1649 sunt.

524 1684 617 1750 Et
656 1705 851 1752 nemo
894 1692 997 1750 est
1042 1685 1257 1764 hodie,
1301 1687 1505 1772 paulo
1534 1686 1904 1764 humanior,
1938 1686 2054 1769 qui
2101 1685 2350 1767 ignoret
2379 1683 2749 1751 Avaricum

526 1787 819 1855 Caesaris
862 1807 1010 1852 esse
1056 1789 1282 1853 urbem
1327 1787 1759 1873 Metropolim
1810 1789 2209 1872 Biturigum,
2258 1809 2412 1873 quae
2461 1787 2748 1877 Bourges

523 1889 791 1957 dicitur.

611 1991 832 2058 Ausci.
864 1988 1069 2058 Auel».
1114 1994 1190 2056 ut
1240 2011 1442 2078 supra
1486 1992 1805 2061 diximus,
1898 1993 2077 2059 Nam
2121 1995 2422 2081 imperite
2464 1995 2747 2074 faciunt,

525 2097 640 2180 qui
667 2093 1051 2160 Auxitanos
1079 2101 1346 2161 vocant.

614 2194 981 2265 Bellocassi.
1068 2198 1276 2283 Apud
1323 2198 1661 2267 Caesarem
1701 2201 1875 2266 male
1901 2222 2025 2286 pro
2073 2203 2474 2282 Baiocassii,
2518 2202 2641 2286 qui
2684 2207 2750 2267 et

523 2300 952 2368 Baiocasses
1033 2299 1321 2389 Bayeur.

609 2401 1008 2493 Bigerrones.
1054 2406 1138 2472 In
1171 2406 1435 2475 Notitia
1466 2404 1993 2489 Provinciamm,
2024 2408 2285 2475 Civitas
2311 2409 2746 2493 Bigerronum

519 2517 800 2576 vocatur
854 2511 1101 2591 Tarba,
1131 2518 1207 2578 ut
1243 2510 1460 2577 hodie.
1550 2510 1684 2576 Sed
1715 2513 1890 2576 male
1925 2532 2250 2578 excusum
2295 2519 2396 2578 est
2428 2509 2658 2592 Tarsa,
2686 2520 2751 2579 et

529 2607 761 2680 Turba.
854 2614 1223 2682 Marlianus
1251 2613 1517 2693 insanit,
1552 2614 1669 2697 qui
1700 2614 1795 2679 ait
1823 2615 1916 2678 ibi
1959 2615 2126 2680 hanc
2152 2614 2442 2680 Tarsam
2481 2635 2657 2694 esse,
2688 2622 2752 2680 et

523 2714 830 2782 Castrum
862 2718 1249 2802 Begorram,
1280 2717 1398 2781 ubi
1424 2722 1528 2781 est
1556 2716 2015 2803 Episcopatus
2046 2718 2435 2784 Bitterensis
2470 2719 2752 2785 Provin-

523 2821 648 2885 ciae
680 2820 1181 2887 Narbonensis:
1214 2840 1371 2906 quae
1401 2821 1726 2886 sententia
1746 2841 1881 2886 non
1909 2827 2012 2886 est
2039 2823 2247 2888 sobrii
2279 2822 2546 2907 capitis,

611 2917 936 3010 Bituriges
965 2924 1272 3009 duplices
1308 2930 1485 3003 sunt,
1520 2927 1967 3009 cognomentis
2008 2926 2319 2992 distincti.
2408 2925 2746 3009 Bituriges

481 3087 493 3095 .
523 3023 722 3105 Cubi,
752 3046 1034 3110 quorum
1065 3026 1462 3113 Metropolis
1492 3026 1856 3093 Avaricum
1885 3030 2121 3112 primae
2153 3026 2568 3114 Aquitaniae.
2633 3028 2749 3093 Bi-

521 3128 764 3211 turiges
799 3127 1089 3209 Vibisci,
1121 3134 1238 3195 aut
1262 3129 1554 3210 Vivisci,
1587 3152 1870 3214 quorum
1912 3132 2307 3218 Metropolis
2351 3132 2746 3215 Burdegala,

521 3232 810 3297 secunda
838 3229 1218 3317 Aquitania.
1309 3232 1611 3320 Utraque
1643 3234 1905 3301 Civitas
1933 3236 2141 3302 libera
2168 3236 2296 3301 sub
2326 3234 2683 3302 Romanis.

610 3330 1159 3422 Bratuspantium.
1265 3335 1524 3403 Civitas
1577 3338 2121 3419 Bellovacorum,
2179 3340 2306 3405 sub
2358 3337 2746 3408 Caesaribus

522 3436 852 3504 Romanis
877 3442 1409 3506 transnominata
1437 3440 1968 3526 Caesaromagus.
2047 3439 2394 3509 Beauvais.

612 3537 1032 3610 Cabillonum.
1101 3542 1282 3610 Vide
1311 3545 1379 3609 in
1405 3544 1757 3610 Tribunali
1787 3546 2204 3613 Divionensi.

613 3641 917 3712 Caduaci.
992 3647 1169 3731 Lege
1197 3644 1467 3715 Atuaci.
1541 3648 1723 3716 Vide
1749 3670 1959 3735 supra
1983 3649 2313 3717 Atuatici.

612 3742 910 3814 Cadurci.
973 3749 1226 3815 Eorum
1255 3750 1495 3816 civitas
1529 3751 1820 3818 Divona.
1901 3750 2097 3818 Caors
2125 3774 2201 3817 en
2238 3750 2493 3822 Quor-ci.

611 3843 881 3917 Caletes:
954 3848 1051 3915 Le
1078 3849 1384 3940 bailliage
1411 3853 1488 3919 de
1522 3852 1692 3920 Caus
1718 3877 1794 3920 en
1822 3852 2230 3924 Normandie.

613 3947 947 4019 Cantabri.
1027 3951 1125 4019 Le
1146 3976 1307 4042 pays
1335 3955 1436 4021 des
1469 3954 1768 4046 Basques.

612 4051 965 4145 Caturiges,
1012 4059 1182 4123 Sunt
1208 4057 1422 4146 Alpes
1447 4065 1816 4131 maritimoe.
1865 4061 2267 4150 Metropolis
2295 4062 2742 4140 Ebrodunm·

525 4155 648 4226 Les
678 4157 873 4247 Alpes
902 4160 1288 4230 d’Ambrun.

616 4260 970 4334 Ceutrones.
1019 4263 1142 4334 Les
1171 4264 1366 4357 Alpes
1391 4267 1467 4336 de
1499 4266 1889 4341 Tarmtaise.
1937 4233 2169 4344 Graiae
2198 4272 2475 4346 Peninoe
2504 4276 2737 4365 Alpes»
2800 4330 2813 4346 .
