3017 4925
1077 394 1145 445 o.
1187 393 1392 443 sunu
1438 392 1797 463 cassare.
2343 376 2529 444 mo?

391 544 630 607 decim
673 541 886 624 quinto
926 551 988 604 et
1033 553 1202 604 sexto
1241 543 1460 605 saeculo
1494 542 1933 622 inpressorum,
1982 528 2411 625 recognovisse,
2430 562 2439 571 ·
2458 555 2522 607 et

389 642 821 721 exemplarium
877 642 1482 720 praestantissimorum
1534 639 1712 701 fidem
1758 653 2031 703 secutum
2079 660 2209 704 esse
2246 653 2517 706 testatur.

339 779 347 786 ·
389 738 513 798 Sed
543 740 595 801 si
620 739 1116 818 Oudendorpiurn
1139 739 1473 811 audiamus,
1512 739 1612 799 Jo.
1644 740 1930 799 Rossetus
1962 739 2019 800 in
2047 758 2249 802 eorum
2279 739 2394 801 fuit
2416 760 2524 821 uu·

391 854 577 907 mero,
626 837 728 916 qui
760 837 852 896 vel
893 835 1226 914 depravatis
1269 846 1374 896 ant
1414 836 1751 914 vulgaribus
1778 837 2105 897 codicibus¹
2139 837 2386 911 addicti,
2418 839 2522 899 vel

351 933 568 993 —nirnis
607 935 842 1013 ingenio
888 935 1275 1012 indulgentes,
1320 945 1424 994 aut
1471 954 1656 994 meras
1682 934 1924 994 aliorum
1956 935 2330 1011 conjecturas
2376 937 2525 997 reci-

391 1029 619 1111 pientes
643 1032 986 1093 hallucinati
1011 1042 1168 1103 sunt,
1191 1042 1250 1091 et
1277 1032 1427 1091 alter
1452 1032 1625 1091 alteri
1642 1031 2036 1104 adversantes,
2065 1033 2346 1095 lectorem
2370 1054 2541 1107 νει-ιιι,

317 1188 326 1197 ,
392 1128 700 1208 scripturae
729 1129 1185 1189 incertissimum
1215 1127 1621 1189 reddiderunt.
1673 1128 1852 1187 Plura
1870 1127 1946 1191 de
1975 1128 2088 1191 bac
2116 1130 2375 1192 editione
2401 1131 2523 1192 vid.

393 1244 495 1305 ap.
529 1227 904 1307 Freytagiuni
933 1226 990 1285 in
1023 1226 1293 1290 Analect.
1325 1226 1497 1286 litter.
1529 1225 1609 1285 de
1635 1225 1794 1289 libris
1819 1226 2137 1286 rarioribus
2164 1248 2227 1306 p.
2262 1238 2398 1298 177.
2430 1249 2523 1307 sq.

310 1356 400 1371 --
437 1324 721 1385 Venetiis.
769 1333 828 1386 8.
890 1325 963 1383 C.
1003 1324 1143 1384 Julii
1170 1324 1420 1385 Caesaris
1467 1323 1547 1383 de
1577 1324 1733 1383 bello
1782 1324 2013 1385 Gallico
2062 1324 2194 1385 libri
2226 1340 2358 1385 nx.
2405 1330 2524 1386 ἁο.

397 1421 684 1500 Ejusdem
734 1423 1086 1500 Fragmenta
1127 1442 1161 1482 a
1207 1422 1410 1483 Fulvio
1457 1421 1673 1482 Ursino
1719 1422 1995 1482 collecta.
2090 1422 2349 1482 Nomina
2399 1432 2528 1482 mm

315 1565 328 1571 -
393 1528 618 1589 vetera,
670 1532 792 1579 tum
842 1520 1098 1580 recentia
1140 1521 1474 1599 explanata,
1533 1520 1710 1581 variae
1756 1520 2057 1593 lectiones,
2112 1519 2339 1580 scholia
2386 1519 2529 1580 Aldi

397 1617 681 1686 Munatii,
709 1618 904 1679 Paulli
940 1619 1007 1678 F.
1052 1617 1318 1679 Aldi.N.
1368 1618 1626 1680 Venetiis
1675 1618 1735 1678 in
1782 1617 2013 1678 adibus
2067 1618 2531 1679 Manutianissn

397 1712 623 1772 Aldum
651 1733 752 1772 sua
794 1714 851 1773 in
899 1717 1192 1776 Caesarem
1223 1735 1487 1794 magnam
1540 1726 1766 1795 partem
1794 1736 1832 1776 a
1873 1716 1970 1776 Jo.
2003 1715 2349 1776 Rhenioeno
2376 1714 2529 1776 clam

397 1819 737 1873 mutuatum
766 1826 910 1884 esse,
951 1820 1202 1875 annotat
1229 1814 1500 1874 Brantius
1528 1814 1601 1874 ad
1632 1815 1923 1875 Caesarem
1968 1832 2032 1893 p.
2065 1822 2205 1876 854.
2241 1813 2337 1873 ed.
2385 1813 2534 1873 Jun-

396 1926 582 1985 εει-ιιι.
665 1909 888 1968 Multas
917 1920 1113 1970 tamen
1144 1909 1551 1990 inscriptiones
1580 1924 1804 1975 veteres
1829 1912 2147 1973 immiscuit
2175 1910 2348 1973 notis.

309 2038 402 2050 -
443 2004 714 2066 Basileae.
760 2016 818 2068 8.
863 2027 998 2068 curn
1027 2008 1181 2069 notis
1211 2010 1517 2070 Glareani.

318 2109 481 2170 1573
526 2103 818 2182 Lugduni.
869 2115 961 2168 12.
1008 2126 1110 2186 ap.
1149 2109 1292 2167 Ant.
1324 2108 1400 2168 de
1430 2108 1644 2188 Harsy.

317 2207 490 2266 1574
525 2201 828 2279 Lugduni.
864 2203 972 2263 fol.
1014 2205 1086 2264 C.
1115 2204 1256 2265 Julii
1281 2205 1537 2265 Caesaris
1576 2204 2000 2266 commentarii
2039 2205 2117 2266 de
2161 2206 2231 2266 B.
2274 2205 2359 2266 G.
2404 2220 2531 2264 vn.

397 2296 538 2356 Auli
565 2298 746 2359 Hirtii
767 2298 840 2360 de
866 2300 1077 2361 eodem
1105 2312 1370 2373 octavus,
1396 2306 1517 2363 &m
1548 2321 1687 2361 curn
1714 2301 1950 2362 scholiis
1976 2302 2342 2362 Hotomanni
2370 2303 2406 2362 J
2410 2300 2535 2370 cti„

403 2393 574 2454 Fulv.
608 2396 803 2457 Ursini
829 2398 1107 2469 Romani,
1157 2397 1300 2458 Aldi
1325 2398 1603 2459 Manutii.
1669 2398 1940 2477 Lugduni
1964 2397 2123 2478 apud
2154 2398 2359 2459 Barth.
2392 2396 2538 2456 Vin-

399 2494 824 2560 cents-Notas
851 2495 1224 2560 Hotomsnni
1262 2495 1639 2574 potissimum
1664 2496 1742 2555 ad
1786 2495 2321 2574 interpretationem
2351 2511 2537 2573 grem-

401 2590 683 2652 maticam
711 2603 892 2672 atque
919 2593 1260 2654 historicam
1289 2593 1605 2673 pertinent.

316 2713 403 2731 --
450 2687 670 2748 Eadem
700 2690 847 2752 ibid.
878 2711 1079 2752 recusa
1106 2692 1165 2751 in
1196 2700 1254 2752 8.

313 2816 402 2830 --
444 2785 744 2866 Lugduni.
787 2799 847 2850 8.
888 2790 962 2851 C.
984 2789 1020 2850 J
1028 2788 1125 2849 ulu
1153 2787 1399 2856 Caesaris
1422 2785 1991 2849 Commentariorum
2015 2784 2092 2845 de
2117 2785 2274 2846 bello
2301 2784 2536 2845 Gallico

400 2881 536 2943 libri
562 2895 781 2945 v11.et
814 2886 968 2946 civili
995 2886 1132 2946 libri
1158 2903 1272 2947 111.
1339 2887 1518 2947 Nunc
1546 2886 1799 2965 primurn
1827 2884 2001 2945 variis
2042 2884 2102 2943 in
2140 2882 2397 2963 margine
2424 2882 2539 2942 lec-

404 2978 664 3040 tionibus
691 2981 979 3054 illustrati,
1031 2993 1155 3043 tum
1181 3002 1334 3043 -vero
1381 2982 1628 3044 doctiss.
1676 2991 1907 3042 unnott.
1955 2992 2018 3042 et
2063 2980 2295 3059 aliquot
2340 2977 2540 3041 Ursini

365 3077 912 3142 -ernendationibus
957 3081 1326 3159 locupletati.
1407 3080 1707 3159 Ejusdem
1725 3080 2029 3151 librorum,
2078 3079 2184 3157 qui
2211 3078 2544 3139 desideran-

405 3183 524 3245 tur,
555 3174 900 3254 fragmenta.
945 3177 1215 3257 Lugduni
1242 3176 1408 3262 apud,
1433 3178 1603 3238 Gnil.
1632 3177 1971 3238 Rouillium.
2024 3178 2094 3237 ln
2121 3175 2241 3237 fine
2266 3176 2539 3236 emenda-

407 3270 597 3332 tiones
623 3273 807 3335 habet
832 3295 866 3334 e
897 3275 1035 3335 cod.
1066 3275 1441 3347 Can-ariensi,
1485 3275 1659 3336 editt.
1688 3274 1943 3354 Gryphii
1971 3273 2374 3352 Lugdunensi,
2405 3271 2540 3331 Flo-

404 3368 654 3441 rentina,
705 3370 1014 3431 Parisiensi
1057 3372 1216 3433 Rob.
1266 3372 1555 3450 Stephani
1595 3382 1658 3431 et
1700 3372 1826 3431 aliis
1871 3370 2053 3430 libris.
2140 3370 2240 3430 Cf.
2289 3365 2543 3430 Harlesii

404 3466 716 3546 Supplem.
743 3469 820 3529 ad
850 3469 1011 3530 brev.
1039 3479 1163 3532 not.
1194 3469 1344 3530 liter.
1388 3471 1566 3530 Rom.
1594 3470 1661 3530 Ρ.
1693 3486 1742 3529 1.
1775 3487 1837 3547 p.
1869 3475 2009 3535 273.

319 3593 407 3618 -v
447 3567 827 3645 Antwerpiae.
873 3576 969 3630 12.
1010 3589 1083 3630 ex
1112 3568 1269 3629 offic.
1296 3568 1686 3638 Flaminiana,
1716 3583 1856 3626 cum
1885 3565 2037 3625 notis
2064 3574 2127 3625 et
2151 3563 2545 3642 castigationi-

408 3661 525 3722 bm
553 3663 833 3736 Juoundi,
862 3666 1049 3737 Bruti,
1081 3666 1356 3738 Manutii,
1389 3666 1608 3739 Ursini,
1634 3674 1694 3724 et
1718 3664 2018 3743 spicilegio
2038 3664 2136 3723 Jo.
2167 3663 2473 3724 Sambuci.

320 3791 404 3812 0-—
448 3759 699 3821 Parisiis.
750 3761 844 3823 16.
886 3782 960 3822 ex
988 3762 1146 3824 offic.
1179 3765 1254 3824 R.
1300 3764 1594 3824 Granion.
1646 3761 1812 3822 novis
1837 3758 2069 3822 emend.
2110 3759 2381 3821 illustrati
2406 3778 2544 3821 eum

405 3854 623 3937 fragm.
650 3879 686 3918 e
716 3859 860 3921 bibl.
894 3861 1061 3921 Fulv.
1093 3862 1312 3922 Ursini.

329 3960 490 4021 1575
536 3956 819 4015 venetiis.
866 3966 924 4018 8.
967 3957 1042 4018 C.
1072 3957 1212 4019 Julii
1240 3958 1488 4019 Coesaris
1528 3955 2051 4020 Commentariiab
2066 3954 2227 4016 Aldo
2246 3952 2542 4024 Munatio,

335 4101 343 4111 .
406 4049 599 4111 Paulli
628 4052 694 4112 F.
725 4051 867 4112 Aldi
913 4053 995 4114 N.
1042 4053 1338 4116 emendati
1363 4064 1424 4116 et
1452 4054 1687 4116 scholiis
1714 4054 2009 4115 illustrati.
2068 4052 2349 4121 venetiis»,
2380 4049 2544 4128 apud

375 4147 659 4210 ,Μόνη

326 4279 432 4332 -χ
455 4245 824 4309 Francol'urti
851 4245 931 4309 ad
961 4248 1051 4310 M.
1082 4247 1187 4311 fol.
1218 4269 1275 4311 c.
1305 4246 1448 4329 figg.
1477 4249 1553 4310 C.
1579 4248 1719 4309 sulii
1747 4246 1999 4310 Caesaris
2016 4262 2222 4306 rerum
2248 4250 2545 4323 gestarum
