3017 4925
900 365 999 418 nn
1047 363 1229 420 viu
1270 364 1478 418 mnu
1533 363 1892 420 omanis.
2324 351 2502 424 lm?

292 510 396 578 bus
421 510 711 576 Plandria
735 518 797 575 et
817 514 1136 576 Brabantia
1161 523 1254 576 est
1279 523 1459 596 atque
1507 514 1887 586 ”Pannonia
1935 512 2319 597 plurimasque
2345 514 2499 591 alia,

288 621 349 672 et
370 612 683 690 regionum
731 611 914 672 decus
961 611 1357 691 adjacentium
1401 631 1441 673 a
1485 612 1699 674 Marco
1726 612 1991 692 Agrippa
2027 613 2343 691 postmodo
2369 613 2502 676 fun·

286 708 443 780 data,
470 718 534 769 et
558 708 889 770 conditoris
916 709 1004 769 sui
1030 730 1187 770 nune
1212 709 1389 770 etiam
1418 730 1633 771 nomen
1661 729 1913 783 servans,
1944 708 2108 771 sedet
2142 710 2240 770 illa
2281 711 2499 773 nobilis

287 807 617 886 Agrippina
647 807 915 868 Colonia.
998 808 1077 868 Et
1130 808 1234 876 hoe
1260 807 1499 886 quidem
1528 808 1757 869 cunctis
1787 807 2114 868 Galliarum
2139 807 2347 869 incolis
2376 817 2500 870 tam

282 923 601 984 corporum
653 904 899 974 viribus,
941 924 1119 983 quam
1174 925 1403 966 morum
1447 906 1814 986 experientia
1859 915 2042 986 atque
2080 906 2239 967 omni
2285 907 2499 969 bellica

286 1011 635 1082 prestantes
664 1002 973 1075 industria,
1003 1010 1066 1062 et
1089 1002 1266 1063 fuisse
1292 1004 1435 1064 olim
1462 1005 1713 1084 legimus
1739 1012 1801 1063 et
1829 1022 1985 1063 nunc
2011 1001 2263 1064 scimus:
2305 1023 2378 1065 ca
2404 1024 2503 1067 ve-

287 1118 352 1161 ro
377 1107 504 1159 tota
528 1099 702 1159 natio
746 1098 1053 1178 paulatim,
1100 1120 1213 1160 nec
1261 1100 1450 1161 vetuit
1496 1101 1759 1172 Rhenus,
1801 1101 1860 1162 in
1909 1119 2120 1161 nomen
2162 1101 2500 1164 Germania

285 1197 667 1276 linguamque
694 1197 1000 1271 concessit,
1031 1208 1097 1258 ut
1131 1197 1260 1277 jam
1306 1218 1369 1259 se
1416 1198 1627 1260 Gallos
1673 1197 1793 1259 dici
1840 1198 2124 1269 nesciant,
2167 1198 2215 1258 si
2257 1199 2502 1262 audiant

284 1293 679 1373 indignentur.
766 1294 963 1374 Belgis
991 1296 1239 1374 proximi
1281 1296 1537 1358 Helvetii
1579 1296 1743 1356 fuere
1789 1294 1915 1374 pari
1963 1295 2392 1374 propemodum
2437 1305 2502 1359 et

288 1393 421 1453 belli
448 1395 645 1474 gloria
674 1402 737 1454 et
768 1395 1015 1456 virtute:
1054 1395 1259 1455 horum
1290 1392 1437 1455 fines
1463 1395 1543 1454 ab
1571 1412 1790 1454 occasu
1831 1393 1977 1453 Jura
2025 1411 2190 1452 mons
2220 1394 2499 1471 praealtus

282 1508 317 1549 a
342 1490 641 1569 Sequanis
671 1489 1059 1562 discriminat,
1104 1511 1138 1550 a
1167 1490 1562 1571 septentrione
1591 1498 1786 1550 autem
1827 1490 2068 1549 Rhenus
2095 1488 2294 1550 adbuc
2322 1510 2500 1569 prox-

284 1586 430 1648 imus
458 1587 619 1649 fonti
649 1608 691 1649 a
715 1587 1047 1655 Germanis,
1095 1586 1362 1664 quamvis
1405 1594 1470 1648 et
1506 1586 1548 1645 ii
1574 1605 1835 1665 quoque,
1885 1584 2381 1665 quemadmodum
2422 1589 2499 1650 de

287 1685 479 1766 Belgis
506 1685 794 1758 diximus,
842 1686 904 1745 in
943 1685 1281 1747 Germanias
1328 1704 1540 1745 nomen
1569 1694 1834 1764 tempore
1861 1685 2100 1745 labente
2126 1683 2498 1748 transierint:

289 1791 464 1861 atque
492 1784 578 1844 ita
606 1783 827 1845 Galliae
852 1782 1255 1860 Transalpinas
1302 1801 1541 1860 magnas
1588 1790 1786 1861 partes
1829 1781 1941 1842 sibi
1968 1781 2286 1844 Germania
2312 1781 2506 1845 vindi·

292 1880 461 1942 cavit.
547 1880 723 1941 Sicut
749 1888 931 1940 totam
961 1878 1318 1957 Cisalpinam
1360 1877 1475 1938 sibi
1519 1877 1858 1939 vendicavit
1886 1878 2092 1939 ltalia:
2149 1879 2226 1939 ab
2274 1879 2498 1943 oriente

290 1987 481 2039 autem
530 1967 795 2040 clau'stra
840 1976 1081 2055 Alpium
1121 1975 1175 2012 ²⁹
1187 1996 1296 2056 per
1336 1976 1636 2037 Helvetios
1675 1977 1755 2037 ab
1799 1975 1966 2036 ltalia
2009 1987 2321 2038 secernunt
2338 1977 2502 2058 jugis

292 2076 450 2138 aeriis
474 2087 540 2137 et
584 2078 641 2113 ³0
653 2093 809 2135 nunc
836 2083 1142 2153 perpetua:
1185 2093 1220 2134 a
1248 2075 1488 2134 meridie
1518 2076 1848 2136 Lemannus
1873 2073 2036 2134 lacus
2064 2084 2125 2135 et
2153 2073 2499 2148 Rhodanus,

294 2174 393 2251 qui
418 2175 623 2235 lacum
648 2172 979 2244 intersecat,
1018 2172 1170 2233 inter
1209 2193 1313 2234 eos
1358 2182 1536 2252 atque
1565 2171 1892 2250 Alobroges
1917 2171 2081 2231 limes
2105 2181 2251 2232 erat.
2334 2172 2503 2242 Quo-

292 2290 413 2332 rum
443 2270 675 2342 finium,
704 2280 773 2331 ut
797 2270 987 2333 Julius
1015 2270 1218 2333 Caesar
1242 2268 1509 2341 affirmat,
1540 2268 1702 2328 milia
1727 2287 2005 2347 passuum
2054 2267 2311 2327 ducenta
2357 2287 2504 2347 qua·

290 2368 601 2448 draginta;
645 2366 894 2429 latitudo
920 2376 1117 2427 autem
1146 2376 1382 2427 centum
1411 2366 1757 2444 octuaginta
1781 2365 2047 2444 patebat,
2076 2372 2137 2423 et
2163 2374 2361 2425 tamen
2390 2384 2501 2445 pro

293 2466 711 2529 numerositate
738 2464 1060 2537 hominum,
1087 2483 1161 2524 ac
1183 2464 1466 2524 bellorum
1494 2462 1715 2532 studio,
1742 2462 2003 2540 angustis
2029 2461 2140 2521 sibi
2167 2461 2503 2525 carceribus

291 2563 730 2641 circumscripti
756 2572 817 2623 et
843 2560 1030 2622 clausi
1055 2560 1425 2622 videbantur.
1508 2560 1599 2619 Ex
1628 2557 1927 2637 praemissa
1950 2557 2349 2635 descriptione
2390 2559 2502 2619 nisi

292 2659 464 2727 fallor
489 2673 676 2742 patet,
706 2662 915 2721 borum
942 2659 1001 2718 in
1030 2657 1244 2719 finibus
1276 2658 1474 2729 fuisse,
1505 2675 1660 2734 quos
1688 2653 2134 2732 Burgundiones
2170 2654 2248 2713 ab
2293 2655 2502 2735 Burgis

276 2759 475 2821 -nodo
506 2758 775 2830 dicimus,
792 2757 872 2817 ad
901 2755 1335 2817 meridionalem
1364 2756 1630 2834 plagam:
1673 2752 1752 2814 ad
1796 2753 1842 2790 ³⁸
1860 2753 2137 2812 archoam
2176 2770 2309 2811 vero
2338 2751 2498 2815 illam

296 2854 487 2919 Rheni
515 2856 727 2935 ripam,
771 2854 874 2913 ubi
919 2852 1241 2933 Argentina
1277 2870 1437 2912 nunc
1486 2862 1548 2911 et
1593 2850 1708 2912 illae
1756 2849 1985 2910 Basilea
2032 2857 2092 2906 et
2138 2847 2504 2911 constancia

296 2953 470 3015 nrbes
496 2952 725 3015 sedent.
806 2951 908 3013 Cis
954 2950 1310 3012 Rhodanum
1349 2949 1695 3029 Allobroges
1739 2956 1975 3008 tenuere
2020 2945 2228 3006 laevam
2275 2945 2503 3006 amnis:

297 3050 372 3113 nd
398 3053 587 3132 ripam
617 3070 887 3130 quorum,
918 3058 981 3109 ut
1009 3047 1165 3109 idem
1192 3046 1385 3109 Julius
1430 3048 1633 3108 Caesar
1675 3053 2001 3105 extremum
2050 3041 2504 3121 proximumque

300 3148 584 3209 Helvetiis
609 3147 889 3228 angulum
938 3147 1213 3207 ”Genua
1250 3144 1389 3204 olim
1415 3142 1701 3222 oppidum
1732 3141 1989 3211 tenebat,
2029 3159 2182 3199 nunc
2211 3139 2506 3199 Gebenna

300 3243 505 3306 civitas
530 3253 691 3305 tenet
718 3243 929 3322 exigua
954 3252 1017 3303 et
1042 3242 1305 3301 Lemano
1332 3239 1640 3301 imminens
1666 3247 1727 3299 et
1757 3235 2073 3307 Rhodano,
2119 3236 2247 3314 ipso
2295 3234 2381 3295 ibi
2425 3235 2504 3295 de

302 3339 437 3401 lacu
476 3339 725 3402 auctiori
764 3337 1025 3419 quidem,
1080 3356 1258 3416 quam
1305 3335 1637 3407 intraverat,
1684 3333 2033 3413 erumpenti.
2113 3331 2339 3391 ”Pono
2381 3331 2502 3393 illic

304 3434 459 3498 hand
488 3456 734 3516 magnus
762 3444 853 3497 est
880 3434 1077 3506 hodie,
1101 3435 1409 3514 fueratque
1455 3433 1596 3493 olim
1623 3434 1661 3494 J
1667 3431 1770 3492 ulii
1809 3430 2054 3492 Caesaris
2082 3437 2274 3499 aetate,
2322 3427 2424 3505 qni
2462 3447 2503 3488 a

303 3551 469 3593 muro
490 3533 741 3594 civitatis
766 3532 1051 3611 incipiens
1093 3531 1149 3591 in
1194 3529 1411 3591 finibus
1462 3529 1864 3590 Helvetiorum
1909 3525 2142 3598 desinit,
2185 3524 2335 3584 adeo
2377 3524 2505 3584 nul·

299 3626 425 3692 lum
451 3630 717 3711 gentibus
747 3630 896 3690 inter
924 3649 987 3689 se
1027 3648 1097 3689 ea
1137 3637 1486 3707 tempestate
1526 3625 1895 3687 discordibus
1942 3623 2052 3683 nisi
2097 3620 2294 3683 adbuc
2338 3618 2504 3701 parvi

306 3724 555 3789 fluminis
608 3728 843 3788 obicem
911 3727 1195 3788 ³⁴naturae
1252 3734 1566 3804 posuerat:
1637 3724 1741 3784 sed
1796 3724 1909 3783 huc
1963 3730 2174 3800 postea
2224 3728 2505 3780 revertar.

308 3823 482 3889 Nune
509 3826 961 3905 descriptionem
1008 3832 1265 3903 coeptam
1316 3820 1523 3901 paucis
1565 3819 1836 3899 expedio.
1917 3819 2102 3898 Igitur
2121 3817 2198 3877 ad
2225 3813 2505 3877 occiden-

370 4027 434 4075 28
463 4024 622 4087 Lege,
642 4023 1050 4074 Ham—29
1081 4020 1378 4071 Delendum
1413 4018 1544 4072 illud
1561 4020 1797 4084 pen—⁸⁰
1829 4016 2006 4075 Forte,
2025 4011 2168 4063 todi·
2200 4009 2309 4061 du
2336 4021 2506 4073 perps-

308 4106 526 4157 ὑιιι-δι
560 4105 720 4168 Lege,
757 4106 1114 4153 arctam—82
1150 4101 1393 4151 Cebenna
1425 4100 1586 4151 etiam
1607 4098 1745 4150 infra
1783 4094 2019 4145 nominat
2049 4099 2233 4142 auctor
2259 4089 2396 4139 lianc
2431 4087 2507 4138 ci-

312 4183 539 4248 vitatem,
576 4200 730 4251 qnam
772 4190 942 4235 tamen
964 4183 1139 4234 Caesar
1180 4194 1383 4246 semper
1413 4180 1655 4231 Genaua
1675 4176 2053 4244 appeunt-2⁸⁸
2087 4172 2250 4237 Lege,
2290 4168 2506 4220 Pons.-

312 4270 373 4319 u
404 4269 558 4333 Lege,
595 4273 791 4318 mu.

432 4349 614 4416 Debl.
635 4354 683 4401 et
716 4348 832 4400 Vc.
856 4347 982 4400 aas.
1393 4346 1524 4397 Cas.
2264 4338 2296 4384 6
2327 4330 2375 4383 P
