3017 4925
500 383 679 460 lm
1150 401 1213 456 ε.
1257 400 1470 456 cami
1518 401 1728 456 coma
1739 403 2060 458 nummi

504 556 664 620 Dum
693 557 823 617 haec
848 554 1128 617 adversus
1148 557 1450 618 Romanos
1475 556 1546 618 in·
1565 558 1779 619 Galliis
1808 566 2017 620 contra
2044 556 2225 619 fidem
2261 537 2587 641 contraque
2600 555 2710 641 jus

500 654 789 716 Gentium
816 662 1138 734 agerentur,
1170 657 1371 719 Caesar
1396 656 1536 716 nibil
1581 656 1718 718 inde
1748 656 2049 730 sollicitus,
2077 656 2238 735 quod
2269 663 2482 736 pacata
2509 656 2710 718 omnia

500 751 808 813 extimat-et
837 752 895 811 in
926 752 1217 832 Illyricum
1238 752 1366 831 jam
1395 753 1699 832 profectus
1729 749 1887 814 eratt
1933 757 2018 814 set
2044 753 2133 813 his
2163 754 2264 831 qui
2292 761 2472 813 terras
2503 753 2708 834 incog-

502 848 657 909 nitas
679 868 750 909 ac
779 858 1033 908 remotas
1060 847 1300 909 videndi
1329 849 1559 910 infinita
1586 849 1863 929 cupidine
1903 851 2246 911 traheretur.
2329 851 2473 910 Erat
2510 855 2709 911 autem

503 945 803 1025 Illyricum
833 945 1152 1024 provincias
1180 967 1303 1008 suae
1329 967 1488 1027 pars,
1507 949 1640 1028 lege
1668 948 1777 1010 sibi
1804 946 2073 1009 ⁶Natuna
2101 946 2505 1027 superaddita:
2537 945 2713 1026 cujus

502 1042 761 1104 latissimi
801 1041 946 1104 fines
972 1052 1137 1104 sunt:
1180 1044 1318 1105 hinc
1346 1045 1509 1105 ltalia
1540 1047 1922 1126 superiorque
1951 1045 2304 1116 Germania:
2345 1045 2480 1106 inde
2507 1047 2712 1106 Mace·

505 1140 682 1202 donia
707 1150 767 1201 et
793 1140 1088 1201 ⁷Trachea
1114 1151 1177 1202 et
1203 1142 1450 1220 Epirus:
1482 1143 1620 1203 binc
1647 1143 1809 1203 sinus
1837 1142 2196 1203 Adriaticus.
2253 1142 2401 1203 Inde
2422 1142 2711 1203 maximus

500 1238 874 1312 nostritorbis
900 1237 1157 1298 amnium
1188 1238 1517 1299 Danubius.
1601 1240 1753 1300 Sane
1790 1240 1903 1301 hac
1932 1239 2250 1301 rebellione
2276 1229 2474 1301 Cras'si
2502 1239 2713 1301 litteris

504 1336 773 1397 nuntiata
798 1334 1164 1397 remandavit
1211 1336 1429 1407 Caesar,
1459 1346 1529 1395 ut
1555 1336 1614 1396 in
1646 1336 1837 1416 Ligeri
1865 1337 2157 1416 praeclaro
2183 1343 2353 1396 amn'e
2380 1334 2712 1398 Galliarum

507 1434 611 1513 qui
639 1452 849 1493 nomen
890 1442 951 1492 et
990 1450 1176 1512 aquas
1205 1431 1264 1492 in
1293 1432 1606 1493 Oceanum
1654 1431 1787 1506 fert,
1831 1434 2076 1494 classem
2125 1432 2357 1493 navium
2405 1434 2714 1512 longarum

506 1539 790 1610 qnantum
821 1539 1020 1610 potest
1046 1538 1297 1602 extruat,
1318 1530 1740 1608 gubernatores
1765 1549 1836 1590 ac
1865 1530 2109 1609 remiges
2139 1528 2211 1590 e‘x
2239 1528 2543 1609 provincia
2573 1549 2720 1591 con·

508 1628 729 1707 quirat;
763 1637 825 1688 ut
853 1628 980 1706 ipse
1008 1646 1146 1686 cum
1174 1627 1365 1686 veniat
1391 1627 1480 1686 his
1506 1626 1691 1706 copiis
1718 1627 1793 1686 ad
1825 1627 2022 1687 hostes
2044 1627 2353 1688 Oceanum
2375 1627 2715 1689 accolentes

506 1726 767 1786 secundo
793 1724 958 1784 alveo
986 1723 1329 1785 descendat.
1412 1725 1492 1784 Et
1518 1724 1674 1784 idem
1703 1725 1826 1804 ipse
1853 1724 2034 1797 illico,
2064 1733 2130 1784 ut
2171 1724 2305 1784 coeli
2348 1725 2716 1804 Alpiumque
2809 1742 2816 1747 ’

506 1821 772 1882 conditio
799 1821 1129 1882 bominibus
1159 1823 1278 1882 ullo
1325 1822 1507 1882 modo
1537 1820 1895 1902 permeabile
1931 1822 2044 1883 iter
2088 1821 2261 1893 fecit;
2307 1820 2548 1881 dimisso
2577 1822 2719 1903 luy-

504 1917 630 1982 rico
676 1918 1145 1992 festinantissime
1190 1918 1469 1979 remeavit
1517 1919 1577 1978 in
1625 1917 1873 1981 Gallias.
1960 1918 2112 1978 Cum
2156 1917 2310 1978 enim
2343 1916 2503 1977 baud
2531 1917 2717 1979 dubio

506 2028 756 2078 cunctos
779 2018 1031 2077 honores
1058 2017 1318 2076 omnium
1367 2016 1581 2077 bellica
1606 2016 1818 2077 virtute
1847 2014 2155 2095 superavit,
2199 2023 2260 2075 et
2303 2014 2450 2075 alios
2479 2024 2541 2076 et
2566 2016 2720 2096 seip-

508 2132 639 2174 sum
667 2132 772 2174 sua
819 2113 917 2174 illa
962 2111 1288 2174 incredibili
1316 2114 1616 2175 celeritate
1661 2111 2040 2184 transcendit,
2067 2132 2203 2191 quae
2241 2132 2403 2191 sepe
2430 2112 2627 2172 multis
2655 2113 2716 2172 in

504 2211 657 2270 locis
706 2210 940 2289 cognita
986 2211 1204 2284 effecit,
1234 2219 1303 2272 ut
1345 2210 1717 2292 quantolibet
1763 2210 2067 2271 absentem
2114 2210 2340 2289 spatio:
2384 2229 2618 2289 semper
2656 2219 2719 2270 et

503 2317 853 2387 praesentem
894 2317 955 2368 et
999 2308 1399 2369 imminentem
1447 2307 1778 2368 cervicibus
1806 2304 2151 2386 cogitarent.
2235 2307 2427 2367 Nemo
2454 2325 2716 2386 unquam

505 2405 839 2485 expeditior
865 2403 1206 2485 agiliorque,
1232 2424 1353 2466 uon
1380 2403 1578 2466 dicam
1608 2404 1941 2484 imperator,
1964 2403 2068 2465 fied
2093 2404 2277 2465 viator
2303 2404 2434 2466 fuit.
2479 2405 2716 2467 Cresare

506 2503 681 2582 igitur
709 2522 959 2575 reverso,
989 2503 1242 2575 Venetii,
1292 2504 1576 2583 Gallique
1604 2503 1721 2575 alii,
1769 2502 1994 2563 factum
2023 2521 2191 2562 suum
2221 2510 2578 2581 reputantes,
2610 2503 2717 2582 qui

507 2600 732 2679 legatos
759 2601 949 2679 gentis
975 2601 1393 2679 potentissimae
1424 2600 1729 2662 barbarica
1758 2599 2117 2661 immanitate
2137 2599 2465 2671 violassent,
2492 2618 2609 2660 non
2635 2596 2716 2660 ad

507 2698 740 2759 veniam
768 2696 1083 2777 petendam
1114 2697 1215 2758 sed
1247 2697 1323 2757 ad
1374 2698 1492 2757 vim
1543 2695 1903 2758 inserendam
1946 2715 2071 2755 sese
2099 2705 2406 2774 apparant,
2439 2696 2719 2757 vicissim·

509 2813 627 2871 que
653 2814 718 2854 se
740 2794 970 2873 0populi
1005 2794 1061 2853 in
1091 2794 1310 2855 bellum
1337 2794 1484 2853 alter
1509 2794 1757 2853 alterum
1787 2793 2185 2853 ¹³coartantur:
2216 2799 2420 2872 'neque
2450 2792 2634 2853 solnm
2680 2812 2719 2852 a

508 2888 788 2969 proximis
816 2889 1170 2955 contrahunt
1194 2888 1439 2959 auxilia;
1471 2888 1605 2968 [57]
1633 2887 1737 2948 sed
1767 2887 1945 2948 etiam
1965 2908 2000 2947 a
2019 2889 2331 2960 Britannia,
2359 2888 2463 2966 qui
2481 2888 2717 2950 Oceani

506 2994 659 3046 oestu
688 2985 944 3045 ⁹semotu
974 3002 1090 3044 non
1121 3004 1335 3064 magno
1362 2985 1670 3046 intervallo
1697 2994 1900 3045 contra
1947 2985 2102 3045 illam
2148 2985 2378 3065 plagam
2423 2985 2717 3046 habitant.

509 3083 599 3143 Et
616 3082 749 3142 baec
770 3081 995 3142 faciunt
1021 3101 1135 3141 non
1166 3091 1285 3141 tam
1314 3081 1512 3155 armis,
1538 3100 1714 3159 quam
1737 3081 1883 3142 locis
1904 3080 2154 3142 fidentes
2185 3080 2511 3162 ¹⁰inperviis
2537 3091 2718 3162 atque

508 3178 887 3257 paiustribus,
922 3178 1025 3239 ubi
1051 3197 1164 3238 nec
1191 3177 1504 3257 expeditus
1554 3177 1773 3257 pedum
1803 3197 1944 3239 usus
1990 3187 2165 3251 esset,
2193 3197 2303 3237 nec
2351 3177 2585 3238 navium
2616 3184 2722 3239 aut

507 3293 826 3354 equorum:
870 3285 931 3334 et
977 3284 1043 3335 ut
1092 3272 1350 3353 navigari
1396 3284 1621 3352 posset,
1671 3274 1986 3335 sentientes
2031 3294 2093 3335 se
2121 3274 2365 3335 navibus
2394 3273 2717 3348 abundare,

513 3371 731 3449 quibus
755 3379 963 3451 egeant
988 3369 1258 3441 Romani,
1288 3367 1472 3429 dabat
1498 3370 1733 3448 insuper
1759 3371 1982 3431 animos
2012 3379 2189 3431 aestus
2218 3370 2313 3431 ille
2338 3372 2713 3452 reciprocus:

513 3469 619 3550 qui
647 3468 936 3531 ”alterius
961 3468 1126 3529 littus
1155 3466 1411 3527 motibus
1440 3469 1652 3546 quatit,
1688 3467 1951 3547 tegitque
1981 3479 2042 3528 et
2068 3467 2272 3539 nudat,
2305 3470 2530 3530 Oceani
2558 3469 2722 3531 inco·

509 3565 582 3626 lis
613 3576 805 3637 notus,
836 3567 1163 3642 exterisque
1194 3563 1477 3624 terribilis.
1558 3564 1813 3626 Navium
1841 3572 2122 3644 praeterea
2152 3585 2382 3627 suarum
2412 3565 2592 3627 robur
2609 3590 2627 3640 3
2658 3574 2721 3628 et
2822 3560 2833 3575 ‘

513 3674 873 3725 armamenta
918 3683 1028 3743 pro
1076 3665 1359 3743 qualitate
1404 3661 1693 3724 fluctuum
1743 3673 1804 3724 et
1829 3672 2133 3723 ventorum
2184 3664 2399 3742 quibus
2426 3663 2718 3742 agitandae

510 3769 680 3823 erant
707 3780 778 3821 ac
803 3761 1128 3840 pulsandae,
1161 3764 1579 3839 ”propterque
1606 3760 1780 3844 maris
1811 3761 2183 3840 hostiumque
2211 3761 2504 3821 violentias
2531 3760 2720 3842 perfe-

576 3961 609 4007 6
643 3957 823 4021 Forte,
859 3961 913 4006 ut
945 3957 1104 4009 is.—-6
1139 3958 1299 4021 Lege,
1347 3955 1660 4007 Vatinia-'1
1695 3956 1854 4019 Lege,
1883 3954 2123 4012 {Pb-ocia,-
2153 3960 2263 4017 aut,
2301 3960 2362 4006 ut
2400 3953 2716 4019 posteriores

508 4037 850 4102 scripserunt,
876 4038 1095 4103 stanchia,
1117 4039 1190 4087 sic
1221 4037 1458 4087 'Ji-aelam
1493 4050 1590 4100 pro
1618 4037 1849 4086 Ἠινασιιηι
1877 4036 1930 4085 in
1966 4035 2385 4101 inscriptionibus
2408 4036 2720 4101 antiquis.—

511 4122 547 4169 8
581 4119 740 4183 Lege,
774 4118 1193 4172 oehonwm.—o
1227 4120 1387 4182 Lege,
1419 4118 1739 4169 semem—10
1772 4117 2007 4182 lupen-ciis
2039 4117 2114 4167 sic
2137 4116 2395 4181 rescripsi,
2415 4130 2533 4167 cum
2556 4116 2609 4166 in
2632 4130 2720 4167 co·

513 4197 630 4249 dice
652 4206 792 4251 esset
821 4201 843 4251 i
870 4200 1171 4266 pidia—41·
1191 4200 1368 4264 Forte,
1400 4198 1756 4254 alterna—1²
1791 4199 1976 4265 Forte,
1989 4202 2241 4266 propterea
2261 4198 2409 4250 mis
2429 4201 2718 4262 eumq-s
