3017 4925
476 315 657 386 1⁷22
1122 325 1185 373 J.
1233 321 1445 374 censi
1494 323 2032 376 nonnam-Anu

484 503 656 551 aare:
705 479 813 540 viri
838 495 1025 548 acres,
1055 474 1277 555 quibus
1304 484 1548 535 caeteros
1573 495 1612 535 a
1636 473 1825 554 patria
1862 473 2075 535 virtute
2103 472 2541 553 degenennies,
2584 478 2689 559 qui

484 601 548 643 se
590 578 810 642 Caesari
850 587 970 636 tam
1019 573 1194 633 facile
1246 573 1639 644 tradidissent,
1684 572 1919 632 irridere
1949 573 2131 651 magis
2159 583 2219 634 et
2245 575 2483 653 arguere
2509 594 2688 655 quam

483 677 695 738 imitari
747 694 909 735 mens
964 679 1135 743 esset,
1182 678 1287 730 aut
1333 671 1560 747 legatos
1607 669 1859 738 mittere,
1908 677 2010 728 aut
2063 670 2234 728 ullam
2286 670 2690 733 conditionem

484 769 672 852 pacis,
709 771 800 832 vel
831 768 1069 831 summis
1097 768 1335 830 auribus
1361 766 1598 828 audire:
1653 768 1714 826 bi
1739 765 1975 845 quidem
2003 775 2062 825 et
2089 785 2225 826 cum
2254 767 2336 827 eis
2378 768 2691 830 Atrebates

483 889 559 934 ao
597 867 1036 929 ⁶⁹Viromandui
1077 876 1237 927 trans
1278 865 1522 928 fluvium
1568 866 1752 926 Sabin
1796 863 2130 940 conjunctis
2169 863 2353 942 copiis
2396 866 2691 927 Caeserem

484 965 898 1045 expectabant.
986 962 1340 1023 ”Aduatuci
1370 983 1631 1042 quoque,
1661 961 1924 1022 sic.enim
1969 961 2245 1038 scriptum
2275 962 2525 1035 invenio,
2569 964 2694 1023 sive

487 1073 556 1123 ut
583 1082 715 1123 reor
743 1061 994 1132 Aduaci,
1040 1070 1105 1121 ut
1147 1061 1230 1120 eis
1278 1082 1339 1120 se
1387 1060 1810 1138 conjungerent
1856 1059 2270 1137 properabant.
2352 1061 2552 1120 Caesar
2589 1081 2693 1120 ex·

486 1160 814 1239 ploratores
844 1179 914 1222 ac
942 1159 1154 1219 deinde
1183 1159 1556 1218 centuriones
1595 1156 1821 1217 militiae
1863 1156 2080 1235 peritos
2118 1156 2194 1216 ad
2241 1158 2440 1216 locum
2486 1158 2695 1218 castris

489 1256 768 1317 idoneum
800 1255 1219 1334 occupandum
1250 1255 1500 1315 miserat.
1583 1255 1762 1313 Erant
1792 1263 1987 1312 tamen
2022 1253 2083 1310 in
2125 1254 2392 1313 Romano
2432 1254 2697 1315 exercitu

491 1353 657 1413 Galli
689 1352 931 1432 quidam
961 1373 1035 1411 ex
1063 1350 1366 1422 dedititiis,
1407 1351 1512 1428 qui
1553 1359 1761 1410 contra
1801 1347 1976 1410 fidem
2018 1351 2366 1409 sacramenti
2408 1370 2598 1411 mores
2635 1361 2701 1410 et

488 1450 732 1512 consilia
774 1451 1166 1510 Romanorum
1212 1448 1446 1510 Nerviis
1488 1447 1817 1526 aperireut;
1859 1457 1921 1508 et
1963 1467 2065 1507 seu
2112 1468 2305 1508 rerum
2353 1448 2698 1526 ignorantia,

492 1546 794 1608 ”naturali
832 1544 1258 1605 consuetudine
1301 1544 1637 1613 mentiendi,
1680 1543 2059 1622 addendique
2099 1564 2346 1622 semper,
2378 1546 2555 1606 rebus
2602 1545 2703 1605 ali·

494 1640 637 1719 quid
662 1664 681 1712 ς
737 1661 894 1719 spem
940 1640 1219 1712 fecerant,
1261 1640 1308 1699 si
1358 1639 1509 1700 sorte
1557 1640 1980 1717 incompositos
2024 1641 2479 1720 aggredirentur,
2527 1642 2702 1703 facile

493 1738 786 1799 Romanas
814 1737 972 1797 acies
1002 1756 1169 1815 posse
1198 1736 1453 1805 turbari;
1485 1747 1548 1798 et
1578 1737 1780 1797 Nervii
1807 1737 2043 1815 quidam
2071 1738 2227 1799 intra
2253 1740 2528 1799 silvarum
2553 1741 2703 1800 late·

492 1836 631 1896 bras
659 1856 719 1895 se
745 1835 1047 1907 tenebant,
1093 1854 1250 1895 nunc
1292 1835 1349 1896 in
1396 1847 1660 1912 apertum
1699 1846 2092 1914 erumpentes,
2134 1856 2290 1896 nunc
2337 1836 2589 1896 vicissim
2639 1855 2705 1897 se

491 1932 553 1998 in
581 1932 786 1993 silvam
815 1933 1193 2004 retrahentes,
1242 1932 1375 2010 [49]
1420 1932 1700 1992 Romanis
1746 1939 1989 2011 propter
2033 1933 2382 2011 imperitiam
2434 1934 2704 1993 locorum

492 2029 721 2108 insequi
750 2049 865 2090 non
894 2029 1275 2089 audentibus.
1353 2031 1488 2090 Jam
1530 2029 1775 2089 Romani
1817 2029 2101 2091 exercitus
2147 2048 2284 2107 pars
2331 2030 2584 2089 maxima
2623 2030 2704 2091 ad

494 2127 840 2187 metandum
869 2137 1060 2187 castra
1086 2136 1505 2206 praecesserat:
1561 2126 1824 2204 proxima
1869 2125 2292 2205 impedimenta
2331 2125 2586 2187 medium
2629 2126 2707 2186 de

494 2243 653 2288 more
680 2224 876 2284 locum
907 2223 1321 2302 occupabant:
1355 2223 1490 2282 duae
1517 2221 1775 2301 legiones
1803 2217 1877 2282 ad
1906 2242 2109 2282 eorum
2138 2222 2467 2283 custodiam
2501 2243 2712 2303 seque·

495 2320 730 2382 bantur.
812 2322 879 2380 Iu
910 2322 1016 2380 hos
1045 2320 1247 2380 Nervii
1271 2326 1496 2392 omnes,
1545 2330 1610 2380 ut
1637 2338 1673 2379 a
1716 2320 2117 2398 proditoribus
2145 2319 2308 2380 docti
2331 2330 2516 2392 erant,
2560 2339 2711 2399 proe—

496 2417 666 2496 cipiti
689 2417 914 2498 impetu
945 2418 1253 2494 irruerunt,
1296 2427 1479 2496 atque
1509 2417 1645 2479 inde
1688 2428 1902 2497 praeter
1930 2438 2092 2497 spem
2122 2416 2334 2498 repulsi
2384 2417 2510 2498 pari
2553 2418 2711 2478 velo·

495 2515 674 2576 citate
703 2516 972 2577 conversi
999 2516 1076 2576 ad
1107 2536 1230 2587 eos,
1277 2514 1381 2594 qui
1406 2515 1465 2574 in
1493 2534 1670 2594 opere
1697 2515 1978 2594 occupati
2003 2526 2207 2583 etanta
2252 2514 2459 2574 miram
2485 2525 2712 2594 pertur-

496 2610 793 2673 bationem
823 2614 1108 2673 Romanis
1137 2611 1501 2689 injecerunt:
1531 2614 1617 2673 ita
1643 2622 1710 2672 ut
1738 2615 1939 2673 Caesar
1963 2633 2109 2675 cura
2138 2611 2443 2690 multiplici
2469 2612 2711 2672 distrac-

497 2718 591 2769 tus
621 2709 905 2769 variarum
934 2730 1123 2770 rerum
1153 2709 1251 2769 cui
1283 2710 1535 2787 primum
1564 2720 1915 2780 occurreret,
1960 2710 2016 2767 iu
2061 2718 2224 2768 tanta
2266 2711 2543 2788 temporis
2585 2709 2711 2769 bre—

501 2804 681 2863 vitate
709 2823 1025 2885 parumper
1050 2806 1377 2865 haesitaret:
1429 2806 1528 2865 uni
1556 2806 1710 2865 enim
1751 2806 1922 2865 simul
1962 2805 2092 2866 haec-
2133 2805 2324 2864 omnia
2367 2806 2714 2885 exequenda

498 2910 711 2967 erant:
762 2901 1180 2980 explicandum
1227 2902 1504 2962 vexillum
1554 2904 1812 2963 solemne
1864 2901 2025 2982 apud
2073 2903 2372 2963 &manos
2427 2903 2710 2964 indicium

498 2997 812 3067 inchoandi
837 2998 1059 3078 ptaelii:
1112 2998 1190 3058 ad
1216 3000 1370 3059 idem
1418 3019 1656 3079 quoque
1698 2999 1959 3059 dandum
2006 3000 2152 3059 tuba
2190 2999 2451 3077 dgnum:
2499 3001 2714 3061 milites

498 3094 579 3154 ab
625 3113 803 3173 opere
851 3104 1178 3157 castrorum
1228 3096 1304 3156 ad
1351 3116 1505 3176 opus
1545 3117 1838 3158 armorum
1885 3096 2263 3158 retrahendi:
2316 3097 2415 3175 qui
2469 3096 2713 3176 petendi

416 3178 425 3183 ’
500 3190 639 3250 valli
667 3211 847 3253 causa
887 3192 1116 3271 longius
1163 3192 1383 3253 ⁷²illum
1427 3193 1709 3255 abiissent
1753 3192 2083 3254 evocandi:
2133 3192 2476 3253 ordinanda}
2517 3193 2711 3254 scien

504 3286 777 3351 firmandi
806 3290 1067 3351 oratione
1095 3289 1266 3350 ducis
1291 3291 1512 3351 animi:
1561 3291 1775 3369 quibus
1813 3310 1887 3350 ne
1925 3290 2070 3350 dunt
2111 3289 2407 3361 omnibus,
2433 3289 2558 3351 ‘sed
2601 3311 2715 3350 nec

504 3384 748 3463 singulis
799 3387 1065 3465 quidem,
1108 3387 1246 3447 binc
1287 3388 1567 3467 temporis
1609 3389 1898 3467 angustia,
1948 3387 2082 3448 binc
2138 3386 2395 3448 hostium
2443 3387 2719 3448 instantia

503 3482 760 3563 spatium
790 3483 1006 3545 dabat:
1057 3485 1159 3544 sed
1188 3484 1548 3563 experientia
1579 3485 1826 3546 militum
1866 3485 2285 3556 Romanorum,
2330 3484 2547 3562 quibus
2576 3485 2716 3546 noui

501 3579 647 3638 nihil
673 3580 941 3640 accidere
982 3591 1235 3658 poterat,
1283 3603 1390 3661 per
1417 3603 1479 3644 se
1507 3583 1696 3664 ipsam
1739 3584 1862 3643 sine
1889 3583 2247 3661 cujusquam
2275 3603 2517 3662 quoque
2543 3582 2716 3645 ducis

503 3673 746 3753 imperio
776 3685 1050 3755 prompta
1076 3690 1205 3739 erat
1239 3681 1475 3743 casibus
1521 3683 1750 3743 cunctis
1789 3700 2119 3741 occurrere.
2200 3681 2486 3741 Praeteren
2514 3681 2719 3741 Caesar

506 3771 633 3850 ipse
654 3774 890 3833 cunctis
919 3773 1252 3851 legionibus
1279 3778 1539 3856 singulos
1578 3770 1926 3857 p‘raefeeerat
1968 3779 2212 3855 legatos,
2257 3780 2580 3839 ”vomunt
2627 3778 2718 3839 vel

507 3887 812 3929 nummum
853 3869 1103 3949 digredi,
1147 3892 1420 3952 quorum.
1444 3876 1708 3954 quisque'
1748 3875 1873 3938 dux
1921 3895 2166 3955 magnus
2215 3875 2563 3935 baberetur:
2605 3874 2718 3935 nisi

553 4049 619 4095 so
647 4044 962 4096 ven-omnam·
980 4046 1171 4097 Caesari
1191 4030 1584 4103 dicuntum—⁷0
1605 4054 1832 4105 Adusta
1853 4055 1906 4105 in
1924 4056 2134 4106 cesare
2148 4053 2538 4105 dicuntum—⁷1
2563 4053 2719 4116 nege,

510 4140 593 4177 m
627 4126 842 4177 ader-li
878 4128 1351 4191 metuisne-5⁷2
1386 4133 1551 4199 Lege,
1582 4135 1713 4187 illiue
1743 4136 2120 4189 atauus-ts
2155 4136 2335 4199 Forte,
2372 4135 2572 4199 legum
2606 4147 2718 4199 quot

509 4208 722 4255 vetuerat
742 4207 816 4257 rel
835 4205 1084 4261 minim
1102 4209 1313 4278 digredi,
1335 4222 1429 4267 aut
1450 4214 1590 4269 forte
1609 4216 1726 4269 linc
1747 4217 1909 4271 verbs
1928 4215 2150 4269 detend-
2167 4222 2310 4269 sunt·
