3017 4925
1011 389 1113 437 nn
1159 389 1223 436 ο.
1251 384 1475 438 sumo
1522 384 1855 438 oAESAnn.
2326 373 2502 441 2⁰41

301 532 586 598 utentia
611 533 828 614 passim
849 543 1163 613 eorm-ptus
1182 542 1294 604 est,
1315 541 1377 592 et
1385 531 1639 608 junioris
1656 532 1931 603 auctoris,
1949 552 2127 612 quam
2158 541 2225 594 ut
2252 534 2501 597 Caesaris

293 644 572 714 tenpore
612 632 903 710 attigerit3
957 631 1118 710 quod
1163 640 1361 690 tamen
1401 630 1685 690 Suetonio
1732 629 1966 693 minime
2007 631 2213 704 visum,
2253 633 2356 711 qui
2403 634 2503 694 ali

293 732 545 812 ‘quidem
596 750 776 810 quam
820 731 1057 801 Caesari,
1115 728 1219 789 sed
1272 729 1366 788 uni
1420 748 1491 787 ex
1541 729 1672 808 ejus
1725 729 2124 802 familiaribus,
2173 731 2375 810 Oppio
2410 732 2507 793 vel

303 829 516 901 Hirtio,
558 828 843 889 tributum
873 828 1128 907 scripsit.
1179 827 1408 887 Bellum
1449 846 1627 906 porro
1654 827 2040 905 Hispaniense
2076 847 2188 906 pro
2211 848 2300 899 eo,
2338 830 2501 909 quod

299 926 364 986 in
417 925 706 1004 Hispania
753 934 974 1002 gestum
1030 934 1139 993 est,
1183 924 1266 984 ita
1312 922 1550 994 dieitur,
1592 932 1656 984 ut
1702 924 1853 984 liber
1907 925 2323 1003 Hispaniensis»,
2366 928 2506 1006 quia

300 1023 559 1103 scriptus
583 1030 676 1082 est
722 1022 780 1080 in
811 1022 1115 1100 Hispania,
1151 1021 1407 1082 Martiali
1435 1021 1667 1099 praefat.
1695 1021 1829 1082 libri
1854 1038 1987 1082 xn.
2032 1030 2048 1057 ‘
2078 1042 2197 1084 non
2226 1025 2502 1106 Hispani·

297 1139 500 1181 ensem
525 1120 740 1180 librum
769 1120 1083 1191 mittamus,
1107 1120 1208 1180 sed
1238 1120 1602 1198 Hispanum?

301 1300 408 1360 De
432 1298 605 1361 Julio
635 1298 799 1361 Celso
842 1308 900 1361 et
941 1301 1367 1371 commentariis
1393 1297 1465 1361 de
1503 1300 1627 1363 vita
1674 1300 1948 1374 Caemm,
1991 1321 2125 1382 quae
2165 1301 2249 1364 ad
2275 1302 2503 1364 Celsum

376 1395 560 1478 uulgo
597 1397 965 1476 reserantur,
1008 1419 1038 1458 ι
1071 1398 1281 1478 quibus
1319 1400 1578 1477 petitam
1618 1398 1862 1479 longius
1883 1398 2320 1480 fragmentum,
2347 1400 2508 1479 quod

379 1492 541 1552 libro
561 1492 631 1554 de
659 1493 805 1554 bello
837 1494 1225 1574 Hispaniensi
1241 1496 1484 1574 suffecit
1512 1496 2021 1576 Jungermanm.

381 1607 824 1689 Fragmentum,
870 1617 1131 1669 extrema
1168 1607 1309 1667 belli
1348 1608 1552 1681 civilis,
1589 1628 1628 1669 a
1654 1610 1880 1670 Caesare
1924 1609 1986 1668 in
2028 1608 2312 1688 Hispania
2336 1610 2505 1690 gesti,

296 1704 572 1778 referens,
601 1710 1070 1786 Jungermannus
1096 1706 1251 1767 libro
1279 1706 1356 1766 de
1385 1706 1543 1766 bello
1573 1707 1949 1785 Hispaniensi
1980 1706 2241 1785 subjecit
2265 1728 2338 1767 ex
2368 1706 2502 1768 MS.

295 1802 471 1863 Pauli
497 1788 720 1865 Petavii
764 1823 800 1863 a
838 1804 1068 1865 Jacobo
1105 1805 1427 1884 Bongarsio
1468 1814 1733 1884 accepto,
1761 1826 1795 1865 e
1837 1824 1960 1883 quo
1998 1805 2174 1864 etiam
2229 1805 2508 1864 Graecam

275 1900 626 1960 mersionem
661 1900 939 1961 librorum
969 1916 1095 1960 vn.
1142 1899 1220 1961 de
1266 1901 1421 1961 hello
1446 1902 1688 1962 Gallico
1714 1901 1924 1964 edidit.
1989 1901 2235 1963 Vossius
2261 1902 2511 1981 petitum

293 2016 429 2057 esse
456 1997 737 2058 observat
775 2018 807 2058 e
847 1998 1281 2059 commentariis
1308 1998 1387 2060 de
1422 2000 1543 2060 vita
1572 2000 1839 2073 Caesaris,
1871 2019 2018 2079 quos
2049 1999 2317 2060 tribuunt
2340 1999 2509 2060 Julio

298 2094 492 2155 Celso.
573 2097 769 2174 Atque
827 2115 966 2156 sane
1013 2095 1226 2175 legitur
1277 2095 1339 2155 in
1388 2096 1649 2158 editione
1692 2098 1900 2158 horum
1956 2097 2508 2158 commentariorum

299 2192 646 2253 'Graeviana
684 2212 744 2272 p.
778 2201 1067 2266 185-191.
1147 2196 1621 2275 Jungermannus
1664 2216 1803 2255 vero
1848 2204 2034 2266 notat,
2077 2195 2136 2255 in
2184 2194 2509 2274 Cujaeiano

298 2289 512 2351 codice
563 2289 709 2350 illud
755 2291 1081 2352 occurrisse
1127 2291 1249 2352 sine
1294 2293 1567 2353 nomine:
1622 2293 1683 2352 in
1727 2294 2061 2365 Petaviano,
2119 2292 2231 2352 sub
2277 2292 2510 2353 nomine

298 2388 680 2449 Petras-che.
762 2387 974 2449 Primae
1014 2390 1567 2450 commentariorum
1607 2389 1839 2451 illorum
1881 2390 2125 2450 editioni
2163 2389 2296 2450 anni
2331 2397 2509 2458 1473.

297 2487 530 2547 nullum
570 2506 782 2548 nomen
807 2488 1068 2548 auctoris
1096 2497 1188 2549 est
1222 2489 1566 2567 ascriptum.
1650 2491 1732 2551 At
1748 2490 1971 2550 Julium
1995 2488 2233 2549 Celsum
2255 2486 2514 2566 appellat

297 2602 424 2645 non
467 2583 651 2645 modo
696 2584 937 2645 Vossius
988 2584 1091 2644 lib.
1125 2602 1176 2646 1.
1228 2585 1305 2646 de
1345 2584 1655 2646 Historicis
1698 2587 1832 2646 Lat.
1873 2606 2010 2667 cap.
2051 2593 2145 2646 13.
2198 2594 2261 2645 et
2295 2583 2400 2644 lib.
2442 2598 2508 2643 v.

296 2681 565 2742 Institut.
597 2701 685 2743 or.
713 2703 772 2743 c.
793 2692 852 2745 3.
896 2690 1174 2745 tmemate
1200 2690 1295 2744 10.
1326 2682 1428 2744 sed
1456 2692 1520 2744 et
1544 2694 1682 2745 ante
1702 2684 1972 2745 Vossium
1993 2686 2092 2746 Jo.
2122 2680 2509 2742 Sarisberien-

296 2781 399 2852 sis,
424 2780 798 2842 ²vincentius
827 2782 1260 2844 Bellovacensis
1301 2782 1452 2843 libro
1478 2797 1607 2844 vn.
1651 2782 1890 2862 Speculi
1934 2781 2068 2842 hist.
2133 2778 2509 2842 Theodotius

296 2876 687 2959 Engelhnsius
713 2879 772 2937 in
793 2878 1093 2939 Chronico
1119 2886 1182 2940 et
1209 2879 1528 2941 Gualterus
1556 2880 1843 2952 Budaeus,
1865 2879 1986 2941 sive
2013 2887 2224 2940 auctor
2246 2877 2507 2937 incertus

297 2975 494 3054 operis
503 2974 579 3035 de
595 2975 730 3036 vitis
740 2977 1253 3057 Philosophorum,
1270 2977 1434 3058 quod
1448 2977 1628 3039 literis
1638 2977 2098 3058 Longobardicis
2118 2993 2404 3037 excusum
2418 2981 2510 3034 est

297 3073 428 3133 folii
453 3073 666 3145 forma,
685 3094 804 3135 non
831 3075 1008 3152 longe
1033 3084 1174 3156 post
1195 3084 1483 3155 repertam
1513 3077 1979 3158 typographiam.
2016 3075 2137 3136 Hie
2148 3073 2348 3153 capite
2366 3085 2507 3134 etv.

295 3170 443 3232 sulii
457 3171 620 3232 Celsi
642 3172 1090 3252 historiographi
1111 3174 1402 3234 mentione
1417 3174 1600 3248 facta,
1619 3195 1759 3236 cum
1775 3175 2032 3246 dixisset,
2044 3192 2182 3234 eum
2200 3170 2514 3248 diligenter

295 3270 378 3330 de
406 3268 565 3330 bello
586 3269 831 3330 Caesaris
848 3270 1035 3331 libros
1058 3272 1309 3351 quinque
1335 3289 1624 3345 exarasse,
1651 3273 1719 3332 ιἰι
1731 3272 1939 3352 quibus
1948 3268 2132 3329 malta
2146 3263 2509 3329 doctrinalia

293 3365 598 3428 nis-abilin
622 3369 1019 3441 continentur,
1040 3367 1325 3448 quasdam
1343 3388 1418 3428 ex
1433 3389 1507 3429 eo
1528 3369 1846 3430 sententias
1866 3364 2151 3445 excerpit,
2172 3382 2310 3443 qua
2332 3362 2390 3421 in
2417 3359 2508 3421 his

299 3463 732 3524 commentariis
760 3465 1052 3544 leguntur.
1109 3464 1228 3527 Sed
1254 3465 1538 3526 librorum
1564 3463 1978 3526 tantummodo
1995 3462 2172 3523 trium
2189 3458 2252 3521 in
2280 3459 2369 3520 his
2395 3456 2514 3517 dis-

300 3560 514 3622 tinctio
524 3561 807 3622 occurrit:
843 3561 978 3621 libri
999 3561 1243 3623 secundi
1261 3560 1490 3622 initium
1509 3561 1573 3621 in
1590 3562 1842 3623 editione
1859 3558 2191 3630 Graeviana,
2212 3564 2304 3618 est
2322 3575 2385 3635 p.
2408 3564 2509 3619 28.

295 3658 436 3719 libri
455 3657 614 3720 tertii
634 3666 814 3738 p.37.
853 3657 1066 3738 Neque
1085 3658 1164 3719 de
1180 3658 1336 3719 bello
1355 3666 1585 3721 tantum
1603 3657 1854 3720 Caesaris
1875 3655 2137 3731 tradunt,
2156 3652 2260 3716 sed
2282 3653 2515 3716 univer-

366 3842 397 3889 1
440 3837 598 3892 Joan.
617 3837 815 3902 Georg.
836 3836 1074 3888 Gravius
1095 3837 1369 3889 Commen-
1447 3837 1727 3904 separatim
1780 3836 1946 3903 prelis
2010 3834 2232 3902 stheeti
2287 3839 2410 3885 sunt
2460 3832 2515 3883 in

300 3914 487 3980 turios,
503 3912 596 3980 qui
617 3913 751 3967 sulii
772 3913 913 3964 Celsi
933 3913 1092 3977 vulgo
1111 3912 1372 3981 dicuntur,
1449 3913 1661 3980 Augila,
1702 3914 1881 3965 addito
1923 3911 2096 3964 indice
2135 3917 2194 3964 et
2234 3908 2514 3975 premissis

298 4008 371 4046 ex
392 3992 623 4044 editione
649 3991 909 4042 rarissima
929 3992 1050 4042 anni
1074 3996 1220 4043 14⁷³.
1253 3993 1371 4044 snb·
1447 3991 1674 4043 virorum
1692 3992 1965 4042 doctorum
1986 3987 2054 4040 de
2074 3988 2167 4040 illo
2189 3983 2516 4050 testinnoniis,

165 4095 172 4103 ·
287 4070 431 4137 jecit
446 4083 568 4121 enm
582 4068 887 4134 quibusdam
897 4068 1001 4119 suls
1016 4069 1370 4135 castigationi·
1448 4069 1689 4121 Londini.
1711 4072 1760 4120 8.

298 4150 400 4200 bus
421 4145 641 4199 editioni
670 4145 799 4197 Jnm
820 4145 1038 4196 cuens
1068 4159 1188 4196 eum
1208 4145 1367 4198 Dion.
1511 4153 1546 4198 2
1587 4145 1725 4197 Vide
1746 4142 2044 4196 testimonia
2075 4136 2293 4193 editioni
2325 4132 2515 4190 Londi-

297 4223 474 4277 vossli
514 4220 1041 4275 nemausen-sionibus
1090 4223 1146 4273 tn
1197 4223 1371 4274 lucem
1445 4224 1596 4279 nemi
1616 4221 1900 4291 praemisso.

298 4303 442 4358 data
474 4300 698 4357 Ana-tel.
721 4301 865 4358 1⁶9⁷.
894 4302 952 4352 8.
973 4331 982 4338 -
1002 4298 1202 4354 Eodem
1234 4311 1370 4354 anno
1433 4333 1440 4338 -
