3017 4925
488 378 715 450 1738.
1095 394 1155 446 J.
1198 391 1414 446 cassi
1461 392 2001 446 consummari
2084 421 2092 428 -

488 548 803 627 arripuere.
884 545 1152 610 Immisso
1196 555 1334 626 post
1372 565 1476 607 eos
1518 548 1792 625 equitatu
1841 565 2056 628 magna
2108 547 2318 610 horum
2371 549 2433 612 in
2487 548 2708 615 itinere

493 657 712 725 strages
751 645 899 706 fuit:
942 644 1151 705 dehinc
1204 644 1434 722 agmine
1468 655 1758 724 perpetuo
1798 645 1875 704 ad
1934 643 2328 708 confluentem
2377 649 2569 710 Rheni
2617 671 2694 716 ac

492 744 617 806 ”et
644 766 764 806 orae
793 744 995 814 delati,
1040 762 1178 802 cum
1206 762 1269 801 se
1313 750 1476 803 metu
1505 733 1931 821 insequentium
1974 743 2032 803 in
2077 745 2418 823 oppositum
2461 766 2697 809 amnem

491 842 836 922 injecissent
859 852 922 902 et
947 840 1287 902 lassitudine
1310 850 1372 901 et
1399 859 1634 919 pavore,
1677 849 1738 900 et
1765 841 1992 920 impetu
2037 841 2188 902 alvei
2233 856 2541 922 superante
2587 846 2700 906 de·

490 942 667 1002 mersi
694 951 850 1002 sunt.
935 942 1029 1000 Ita
1056 960 1208 1020 pene
1233 938 1437 999 om'nes
1483 939 1693 1017 partim
1744 959 1961 1018 pugna,
2005 940 2221 1018 partim
2266 940 2429 1020 fuga,
2477 944 2698 1022 purtim

490 1056 649 1119 aqua
699 1036 1078 1117 consumpsit,
1135 1057 1270 1098 cum
1326 1045 1523 1097 essent
1574 1036 1738 1096 milia
1776 1036 2077 1096 hominum
2119 1037 2568 1119 ¹”quadraginta
2620 1060 2702 1102 ac

490 1135 760 1215 triginta:
806 1156 910 1195 sua
936 1136 997 1194 in
1038 1146 1233 1196 castra
1274 1154 1539 1195 reversus
1580 1136 1779 1195 Caesar
1821 1135 2105 1194 incolumi
2145 1137 2427 1208 exercitu,
2485 1140 2697 1199 mirum

490 1230 657 1294 dictu
686 1242 850 1294 tanto
878 1254 950 1293 ex
999 1233 1154 1294 bello
1196 1231 1406 1311 paucis
1452 1230 1865 1292 tantummodo
1911 1231 2246 1303 vulneratis,
2291 1253 2428 1294 cum
2475 1235 2702 1315 legatos

489 1331 883 1411 reliquosque,
940 1352 1090 1411 quos
1138 1331 1273 1410 capi
1300 1330 1584 1408 jusserat,
1631 1329 1966 1401 invenisset,
2014 1329 2241 1390 absolvi
2280 1330 2443 1404 feeit,
2483 1341 2544 1393 et
2572 1352 2700 1412 quo

492 1429 712 1490 vellent
765 1429 1024 1489 abeundi
1080 1429 1287 1490 tribuit
1340 1427 1659 1489 licentiam.
1751 1428 1844 1487 Illi
1895 1447 2035 1487 vero
2089 1429 2401 1489 Gallorum
2456 1441 2702 1510 propter

487 1521 543 1564 ⁸⁶
557 1527 947 1588 Attoritorum
967 1526 1138 1597 fines,
1162 1526 1528 1587 iracundiam
1559 1536 1898 1598 metuentes,
1927 1525 2091 1605 apud
2122 1528 2412 1587 Caesarem
2438 1528 2699 1590 residere

488 1623 742 1688 muneris
786 1624 969 1684 instar
1003 1632 1302 1703 optarunt,
1342 1642 1492 1701 quos
1545 1643 1746 1683 secum
1799 1623 1896 1683 ille
1951 1625 2353 1702 magnanimus
2407 1641 2704 1696 concessa.

484 1719 757 1782 libertate
782 1720 1057 1782 detinuit.

570 1818 716 1880 Post
743 1820 870 1879 haec
899 1822 1100 1881 Caesar
1126 1818 1314 1879 modis
1340 1818 1611 1880 omnihus
1640 1819 1912 1881 Rhenum
1928 1821 2170 1882 transire
2194 1821 2495 1902 disponit:
2539 1824 2700 1884 mul-

488 1926 566 1976 tae
591 1936 727 1978 eum
755 1917 1135 1997 impellebant
1162 1937 1378 1979 causae.
1458 1919 1610 1979 Tres
1627 1918 1924 1998 inprimis:
1963 1939 2099 1979 nam
2130 1929 2191 1980 et
2215 1938 2411 1999 operae
2438 1921 2696 1999 pretinm

484 2001 807 2076 extimebat
833 2027 898 2076 ut
924 2017 1206 2078 Germani
1234 2018 1338 2096 qui
1366 2016 1614 2079 cottidie
1636 2017 1696 2077 in
1733 2018 1965 2078 Gallias
2008 2017 2249 2078 transire
2290 2018 2401 2078 sibi
2447 2035 2698 2080 cousue-

485 2110 747 2173 tudinem
801 2114 1100 2186 fecerant:
1144 2134 1378 2176 suarum
1424 2123 1586 2176 metu
1628 2133 1818 2175 rernm
1862 2115 2021 2175 domi
2067 2115 2546 2198 continerentur:
2587 2115 2702 2178 ubi

486 2209 857 2272 adverterent
910 2214 1231 2274 exercitum
1278 2213 1484 2293 populi
1530 2214 1780 2273 Romani
1832 2232 2006 2291 posse
2052 2225 2114 2273 et
2148 2213 2365 2274 audere
2418 2215 2694 2275 Rhenum

486 2313 881 2369 transnatare:
926 2329 1119 2389 neque
1146 2330 1378 2389 semper
1401 2330 1735 2371 assuescere
1762 2309 2074 2382 invadere;
2121 2312 2225 2372 sed
2271 2311 2471 2372 invadi
2514 2312 2696 2373 etiam

483 2402 810 2467 interdum:
854 2406 1069 2469 deinde
1094 2408 1259 2487 quod
1288 2426 1418 2487 pars
1442 2407 1540 2468 illa
1567 2407 1909 2469 Germanici
1948 2409 2281 2489 equitatus:
2326 2425 2506 2489 quam
2547 2425 2702 2490 prn-

362 2582 369 2589 ἱ
484 2500 670 2563 dandi
696 2523 873 2565 causa
902 2516 1061 2567 trans
1088 2507 1315 2567 Mosam
1346 2507 1586 2566 missam
1631 2507 1904 2586 proximo
1951 2508 2166 2586 proelio
2197 2527 2313 2567 non
2360 2507 2696 2569 interfuisse

485 2603 955 2677 memoravimus,
1021 2614 1180 2664 trans
1240 2604 1512 2664 Rhenum
1565 2603 1768 2664 audita
1822 2624 2056 2664 suorum
2112 2605 2280 2665 clade
2327 2605 2697 2685 confugerat,

484 2716 669 2778 seque
712 2701 1027 2763 Sicambris
1080 2700 1466 2779 adjunxeratg
1524 2721 1562 2760 a
1605 2701 1821 2780 quihus
1876 2702 2079 2761 Caesar
2118 2721 2255 2761 cum
2303 2720 2412 2780 per
2452 2705 2696 2766 :nuntios

481 2796 863 2873 postulasset,
904 2808 970 2859 ut
994 2819 1095 2860 eos
1123 2800 1224 2879 qui
1254 2800 1533 2859 Romanis
1562 2798 1735 2859 simul
1764 2818 1836 2858 ac
1864 2798 2056 2858 Gallis
2103 2798 2324 2859 bellum
2365 2811 2694 2877 moverent,

483 2890 599 2953 sibi
641 2894 992 2966 redderent:
1033 2896 1481 2976 responderunt,
1526 2903 1546 2930 ‘
1571 2895 1881 2974 imperium
1927 2895 2138 2975 populi
2181 2897 2436 2957 Romani
2482 2900 2694 2961 Rheno

485 2991 803 3053 terminari.
887 2994 951 3054 Si
979 2996 1309 3055 Germanos
1351 2996 1404 3033 ⁸⁷
1423 2995 1480 3057 in
1513 2992 1713 3053 Gallia
1740 2992 1986 3053 transire
2011 2992 2088 3052 ad
2119 2992 2386 3072 injuriam
2413 2996 2693 3070 traheret,

480 3106 591 3147 cur
617 3089 804 3169 minus
833 3092 1183 3171 injuriosum
1208 3093 1456 3155 duceret
1479 3101 1640 3152 trans
1686 3090 1880 3152 Rheni
1918 3098 2102 3151 metas
2141 3091 2451 3170 imperium
2494 3102 2700 3154 exten·

482 3184 664 3247 dere:
704 3190 837 3268 [70]
881 3192 1256 3271 Quamquam
1301 3191 1617 3253 barbarica
1661 3189 1771 3249 ista
1821 3189 2125 3267 responsio
2170 3190 2386 3249 coloris
2441 3192 2693 3254 fortasse

482 3282 537 3323 ⁸⁸
549 3283 730 3358 aliud,
763 3288 863 3348 sed
894 3288 974 3348 nil
1003 3275 1239 3368 penitus
1262 3290 1500 3350 rationis
1529 3287 1822 3359 habuerit,
1850 3307 1969 3347 non
2011 3286 2168 3347 enim
2210 3297 2369 3346 mus
2415 3288 2690 3350 Rhenum

480 3379 783 3460 imperium
814 3387 1141 3464 petebatur,
1171 3389 1273 3448 sed
1303 3397 1369 3447 ut
1395 3389 1479 3449 cis
1507 3388 1780 3448 Rhenum
1807 3385 2089 3464 injuriose
2115 3396 2283 3464 gesta
2309 3384 2690 3464 punirentur:

482 3479 591 3542 nisi
619 3482 773 3542 forte
799 3484 909 3544 sibi
953 3485 1312 3546 ⁸⁹barbareis
1342 3486 1592 3547 insolens
1621 3484 1963 3564 usurpabat,
2008 3493 2073 3544 ut
2120 3482 2223 3563 qui
2269 3482 2345 3542 ad
2395 3503 2522 3544 eam
2552 3503 2695 3545 con·

482 3575 786 3657 fugissent,
826 3581 1189 3643 inviolabiles
1218 3582 1589 3655 haberentur,
1632 3581 1796 3661 ⁹⁰qui
1825 3582 1987 3642 brevi
2016 3599 2137 3641 non
2165 3582 2344 3642 modo
2372 3582 2538 3654 alios,
2582 3582 2688 3644 sed

480 3673 732 3753 seipsam
761 3678 978 3738 salvam
1003 3681 1195 3741 facere
1222 3698 1340 3741 nou
1369 3682 1584 3762 potuit.
1669 3670 1900 3741 Cetrius
1925 3686 2069 3750 erat,
2097 3677 2374 3756 quoniam
2403 3679 2545 3739 Ubii
2581 3678 2693 3740 soii

416 3812 425 3823 .
480 3786 555 3829 ex
581 3772 1045 3837 Transrhenanis
1074 3778 1472 3838 Romanorum
1502 3777 1562 3836 in
1587 3777 1900 3836 amicitiam
1945 3774 2167 3854 recepti
2211 3774 2691 3838 affectuosissime

483 3872 898 3949 precabantur,
924 3885 995 3936 ut
1017 3877 1099 3936 eis
1128 3878 1428 3938 Romanus
1472 3877 1789 3956 imperator
1834 3873 2109 3934 adversus
2136 3876 2380 3947 Suevos,
2423 3882 2526 3935 aut
2553 3874 2694 3937 rait-

486 4160 491 4164 ,
548 4106 614 4153 84
660 4104 836 4170 Forte,
881 4105 1183 4156 Mosam—85
1214 4107 1397 4172 Lege,
1438 4107 1934 4172 quadringenta-so
1986 4104 2167 4167 Forte,
2213 4106 2461 4165 occupatos
2512 4114 2689 4152 eorum.

481 4188 611 4235 .-87
647 4186 806 4253 Lege,
842 4187 897 4238 ia
935 4187 1298 4240 Gelliam—88
1329 4190 1492 4256 Lege,
1525 4189 1858 4255 aliqum-8⁹
1888 4187 2054 4251 Lege,
2104 4182 2491 4236 barbaria-⁹⁰
2525 4182 2690 4248 laege,

481 4276 591 4329 qua.
