3017 4925
50 363 69 572 ‚t

918 398 1017 450 na
1059 395 1241 448 vrrs
1282 396 1493 448 sum
1537 394 1899 451 oneum.
2345 379 2532 454 1⁷33

312 567 526 627 prorsus
577 550 959 630 expulerant.
1036 552 1251 630 Itaque
1302 550 1379 612 ad
1438 570 1618 614 uuam
1671 561 1899 632 partem
1945 550 2158 616 finium
2189 552 2532 618 suevorum·

312 646 477 716 fuisse
504 647 767 710 traditur
787 649 986 729 ingens
1009 658 1192 727 atque
1218 650 1584 712 incredibilis
1609 651 1938 713 solicitudo.
2020 652 2216 732 quue
2241 651 2358 712 sibi
2383 660 2528 711 tune

308 764 525 825 nagnae
542 747 754 825 gloriae
774 748 1168 810 ascribebant.
1222 749 1402 810 Nune
1428 749 1606 812 etiam
1633 769 1741 829 per
1760 769 1967 810 eorum
1983 748 2132 810 fines
2154 757 2215 810 et
2230 758 2524 828 suspeetae

310 843 491 904 multis
519 844 579 904 iu
606 845 765 906 loeis
790 844 1158 917 solitudines,
1198 854 1480 925 expertus
1511 847 1744 926 loquor,
1771 856 1832 907 et
1859 847 2199 925 ambiguum
2241 845 2354 908 iter
2391 856 2480 906 est
2497 865 2518 908 t

312 941 409 1002 bos
434 940 615 1020 igitur
644 945 1078 1004 Germanorum
1103 944 1361 1023 populos
1389 964 1426 1004 a
1445 945 1654 1006 Suevis
1677 945 1884 1024 pulsos
1896 964 2036 1005 eum
2063 943 2124 1004 in
2151 943 2366 1005 Galliis
2379 962 2528 1004 con·

309 1037 511 1100 sedisse
539 1042 755 1102 Caesat
780 1042 1029 1113 audiret,
1058 1042 1371 1104 Gallorum
1397 1042 1618 1103 veritus
1640 1042 1955 1116 levitatem,
1986 1042 2089 1121 qui
2111 1061 2272 1103 more
2298 1040 2530 1102 frondi·

311 1151 399 1198 un
426 1147 607 1198 vento
624 1140 906 1219 quolibet
931 1140 1244 1219 agitantur,
1294 1149 1357 1202 et
1403 1150 1763 1202 mercatores
1805 1150 1869 1201 et
1905 1159 2170 1200 cursores
2197 1159 2361 1200 more
2387 1158 2527 1218 pro·

307 1234 426 1313 prio
451 1255 637 1297 manu
666 1238 1045 1318 prehendunt
1067 1238 1474 1319 detineutque,
1494 1249 1558 1299 et
1578 1239 1733 1300 unde
1763 1238 2000 1298 veniant
2025 1248 2088 1300 et
2114 1256 2236 1315 quo
2261 1239 2525 1316 pe12ant,

308 1339 367 1392 et
389 1333 537 1411 quid
576 1335 725 1395 novi
772 1334 1023 1397 afferant
1067 1344 1514 1415 percontantur,
1560 1344 1953 1415 teganturque
1978 1335 2308 1396 rumoribus
2350 1335 2530 1395 etiuna

308 1429 483 1516 ¹falsus,
508 1439 577 1491 et
598 1452 766 1512 saepe
794 1433 885 1493 his
912 1432 1055 1494 moti
1095 1453 1168 1495 ea
1209 1432 1539 1494 deliberant
1549 1455 1569 1504 ς
1616 1452 1863 1513 quornm
1893 1451 2028 1491 mox
2056 1432 2366 1511 poeniteat:
2411 1431 2530 1492 boo

306 1526 543 1607 inquam
600 1530 827 1592 veritus
880 1533 1105 1603 Caesar,
1154 1551 1233 1594 ne
1270 1531 1447 1592 famas
1492 1530 1826 1612 cujuspiam
1865 1529 2104 1591 flatibus
2141 1539 2532 1606 moverentur,

308 1619 427 1685 ⁶⁴et
466 1626 751 1688 Romana
788 1626 907 1688 fide
934 1628 1324 1698 desisterentg
1369 1638 1577 1692 testate
1605 1645 1734 1690 non.
1761 1634 2073 1708 expectata
2100 1627 2177 1688 ad
2204 1625 2530 1688 exereitum

310 1723 482 1796 venit,
512 1735 579 1786 et
606 1726 831 1788 invenit
856 1746 996 1788 vera
1021 1747 1085 1787 se
1113 1727 1394 1788 timuisse.
1478 1727 1696 1789 Missos
1723 1728 1947 1806 legatos
1975 1747 2016 1787 a
2038 1724 2231 1787 Gallis
2259 1723 2336 1786 ad
2375 1725 2531 1784 Ger-

313 1839 511 1884 manos
528 1823 850 1884 invitantes
877 1824 1315 1904 hortantesque,
1346 1834 1415 1885 ut
1458 1844 1494 1885 a
1531 1824 1672 1886 leva.
1708 1824 1922 1898 Rheni,
1971 1824 2074 1885 ubi
2122 1821 2530 1894 substiterant,

314 1916 727 1992 abscederent,
756 1941 938 2000 seque
956 1921 1233 1984 inferrent
1273 1922 1334 1982 in
1380 1921 1586 1983 intima
1633 1921 1983 1992 Galliarum,
2013 1919 2157 1981 nibil
2187 1919 2269 1981 eis
2296 1917 2534 1980 defutu-

313 2033 438 2076 rum
465 2018 739 2080 omnium
778 2017 831 2058 ⁶⁵
845 2020 1153 2098 petissent.
1239 2022 1445 2082 Motus
1473 2020 1564 2080 his
1591 2022 1806 2094 Caesar,
1836 2018 1942 2080 sed
1967 2018 2364 2091 dissimulans,
2383 2016 2534 2078 Gab

314 2110 494 2176 lotum
563 2116 930 2195 principibus
977 2117 1054 2178 ad
1103 2117 1465 2195 colloquium
1516 2117 1798 2189 evocatis,
1853 2115 2117 2195 benignis
2172 2113 2535 2178 orationibus

316 2206 573 2278 ⁶„⁶leniit.
652 2215 928 2276 Firmavit
954 2217 1177 2278 animos
1192 2225 1372 2295 atque
1394 2215 1582 2278 edixit
1622 2213 1707 2254 ⁶⁷⁸
1728 2214 1996 2293 equitum
2024 2232 2202 2293 quem
2228 2232 2303 2274 ex
2328 2211 2536 2274 debito

318 2305 743 2386 “tenerent-n,
772 2322 839 2373 ut
866 2324 1134 2393 paratum
1184 2314 1245 2374 in
1294 2314 1469 2378 armis
1511 2314 1811 2376 haberent.
1897 2313 2040 2372 Esse
2068 2310 2226 2372 euim
2254 2309 2386 2370 sibi
2411 2309 2542 2372 ani·-

322 2425 478 2472 num
523 2411 605 2472 acl
653 2411 989 2475 liberandas
1032 2411 1256 2474 Gallias
1292 2412 1375 2473 ab
1414 2408 1470 2451 ⁶⁹
1481 2411 1720 2473 incurso
1773 2408 2138 2472 Germanico
2188 2404 2538 2487 proficisci!

324 2507 453 2588 [66]
465 2508 783 2589 Quidquid
801 2510 896 2571 ille
913 2521 1278 2589 proeeeperat
1298 2509 1678 2588 adimpletum
1698 2518 1809 2582 est,
1824 2527 1947 2567 non
1966 2505 2312 2567 obedienter
2332 2502 2536 2575 modo,

324 2606 423 2667 sed
452 2607 730 2680 libenter,
757 2626 829 2667 ea
853 2617 941 2667 est
968 2607 1224 2669 facilitas
1248 2607 1598 2667 animorum.
1682 2606 1841 2664 Dum
1881 2601 2180 2664 instructis
2206 2620 2347 2680 ergo
2372 2618 2542 2679 para-

325 2702 520 2785 tisque
545 2704 822 2766 omnibus
850 2704 960 2765 iter
984 2704 1341 2785 arripuisset,
1361 2703 1615 2782 jamque
1662 2701 1738 2762 ad
1785 2709 1979 2763 eastra
2017 2698 2281 2760 hostium
2319 2716 2546 2776 pauco·

326 2821 453 2862 rum
480 2802 710 2864 dierum
736 2803 938 2864 itinere
967 2803 1410 2882 propinquaret,
1424 2800 1653 2880 legatos
1677 2798 2058 2861 barbarorum
2077 2794 2285 2857 obvios
2305 2792 2540 2868 babuit,

330 2919 580 2979 qnorum
610 2900 835 2979 primus
862 2900 919 2960 in
949 2901 1101 2961 haue
1129 2899 1478 2960 sententiam
1509 2898 1689 2959 verba
1715 2895 1877 2958 fecit.
1962 2903 1980 2929 ‘
2003 2896 2213 2975 Neque
2241 2891 2542 2955 Germani’

330 2996 521 3078 inquit
556 3004 580 3033 ‘
599 3018 637 3057 o
665 2999 870 3059 Caesar
897 2997 1118 3061 benum
1145 2997 1403 3059 inferunt
1450 2997 1754 3068 Romanis,
1804 3014 1996 3074 neque
2044 2992 2149 3065 eis,
2193 2991 2247 3052 si
2292 2987 2543 3052 Romani

335 3093 553 3155 bellum
577 3094 845 3168 inferant,
885 3105 1181 3158 recusant.
1260 3098 1400 3157 Mos
1426 3104 1518 3157 est
1543 3104 1742 3156 noster
1768 3114 1805 3155 a
1829 3092 2154 3172 majoribus
2181 3109 2291 3169 per
2331 3105 2541 3151 manus

326 3190 505 3253 nobis
528 3192 781 3253 traditus
810 3193 962 3254 bella
990 3193 1367 3255 moventibus
1402 3193 1660 3264 obstare,
1709 3190 1934 3250 nullum
1976 3189 2128 3248 hauc
2174 3186 2254 3246 ob
2301 3202 2543 3277 eausam

333 3289 583 3367 preoeti.
662 3290 866 3350 Suevis
892 3291 1029 3351 solis
1059 3310 1167 3351 nos
1192 3289 1444 3369 impares
1474 3286 1851 3358 eonfitemur,
1880 3284 2098 3365 quibus
2129 3301 2221 3342 .ne
2267 3280 2378 3361 ipsi
2423 3300 2548 3341 eoe⁶

334 3384 463 3449 lites
488 3406 663 3466 pares
689 3388 843 3448 sint:
888 3388 966 3449 de
994 3388 1222 3467 reliquo
1252 3388 1524 3447 mortales
1550 3404 1754 3447 omues
1801 3384 2033 3443 vincere
2075 3397 2249 3458 posse
2296 3374 2548 3437 confidi*

336 3503 504 3545 mns:
550 3505 731 3546 unum
760 3505 876 3546 uon
908 3496 975 3548 ut
1001 3486 1293 3558 humilior,
1342 3485 1448 3546 sed
1496 3494 1564 3544 ut
1602 3484 1825 3563 justior
1873 3498 2051 3541 causa
2075 3486 2276 3537 nostra
2300 3474 2375 3535 sit
2400 3471 2548 3533 dici-

334 3599 482 3654 mus,
506 3582 735 3643 venisse
762 3603 881 3643 nos.
917 3582 978 3643 in
1027 3582 1273 3655 Gallias,
1319 3600 1439 3641 non
1490 3590 1703 3661 sponte
1756 3578 1862 3639 sed
1918 3584 2190 3638 coaetos:
2235 3570 2546 3652 profugos,

336 3679 517 3741 domo
543 3680 770 3759 pulsos,
797 3680 996 3759 aliquo
1024 3698 1269 3760 pergere
1296 3679 1680 3739 necessarium
1709 3675 1908 3739 fuisse.
1989 3674 2050 3734 Si
2072 3670 2324 3733 Romani
2345 3668 2545 3742 velint,

339 3796 513 3855 posse
538 3779 622 3838 eis
650 3779 874 3840 amieos
892 3799 1023 3839 esse
1048 3797 1165 3839 uon
1190 3777 1446 3838 inutiles.
1528 3775 1624 3837 Ad
1655 3775 1715 3835 id
1745 3792 1879 3835 sane
1900 3773 2151 3834 duorum
2178 3771 2366 3831 altero
2393 3786 2546 3847 opus

340 3894 482 3949 esse,
513 3887 579 3937 ut
600 3886 707 3938 aut
728 3886 907 3938 terras
934 3877 1017 3938 eis
1045 3895 1189 3954 quas
1216 3875 1549 3937 inhabitant
1571 3873 1909 3953 largiantur,
1938 3880 2043 3931 aut
2067 3867 2372 3950 possidere
2399 3880 2548 3944 quas

341 3973 507 4033 armis
556 3974 892 4054 quaesierint
938 3975 1273 4053 patiantur.’
1351 3973 1449 4034 Ad
1498 3974 1626 4033 haee
1669 3974 1871 4033 Caesar
1913 3970 2061 4030 inter
2098 3967 2283 4029 multa
2308 3981 2551 4042 respon—

400 4207 467 4257 s«
498 4205 683 4268 Forte,
703 4208 752 4255 et
774 4220 807 4253 a
822 4204 949 4265 Rs.
963 4206 1417 4281 ἀφίκηαι-οε
1451 4170 1890 4269 Addefflaeae-ssoo
1926 4196 2099 4257 Adde,
2130 4172 2354 4245 eoa-'43⁷
2387 4192 2552 4256 Lege,

337 4285 748 4350 equitatum—68
781 4286 949 4337 Deest
969 4287 1181 4339 verbum
1198 4292 1447 4354 predere,
1465 4294 1559 4340 aut
1580 4285 1899 4363 sirtille—69
1931 4282 2094 4344 Lege,
2113 4277 2321 4327 inunu-
