3017 4925
947 440 1078 505 nn
1085 438 1167 531 :⁹³
1201 441 1434 493 :uuo
1471 426 1813 491 casani.
2326 420 2511 517 §m

292 582 436 647 item
461 583 524 644 in
543 583 754 645 codice
771 584 1123 657 Petnviano,
1147 584 1256 646 sed
1287 583 1521 661 nomine
1525 583 1880 657 Petrarchae
1905 585 2182 667 ascripto.
2240 586 2512 652 Mern‘mit

283 656 568 757 ejusdem
593 681 984 742 Casaubonus
1024 682 1178 742 notis
1220 680 1281 739 in
1306 680 1635 760 Tranquill.
1679 696 1728 742 1.
1760 678 1856 744 56.
1909 682 2012 744 ubi
2049 683 2164 745 ista
2201 682 2507 748 invenias:

264 815 270 820 -
303 776 463 837 ‘Eat
483 778 741 858 antiqua
791 779 908 840 loci
963 779 1140 858 hujus
1178 778 1545 858 depravatio.
1618 779 1968 865 Reperimus
2015 781 2170 842 enim
2210 783 2509 862 vulgatam

293 873 789 946 lectionem-non
818 877 1052 937 solum·
1035 895 1094 936 ιιι
1123 875 1303 937 codd.
1332 874 1599 936 Suetonii
1628 876 1840 937 nostris
1881 878 2173 951 omnibus,
2201 879 2305 940 sed
2332 881 2510 943 etiam

301 970 362 1028 in
398 967 731 1050 fragmento
771 972 1030 1052 quodam
1084 992 1276 1033 rerum
1320 972 1461 1034 Julii
1500 973 1771 1045 Caesaris,
1802 975 1978 1053 'qnod
2028 994 2102 1035 ex
2141 976 2321 1038 veteri
2345 966 2510 1040 lihr'o

289 1063 699 1144 descriptum,
743 1068 1076 1129 beneficio
1090 1069 1193 1129 viri
1257 1068 1636 1129 eruditissimi
1696 1070 1909 1132 Jacobi
1954 1073 2297 1152 Bongarsii,
2351 1075 2511 1137 nacti

299 1180 524 1223 sumus.
608 1165 1000 1226 Continetur’
983 1165 1051 1226 iis
1089 1165 1327 1226 schedis
1380 1165 1521 1227 belli
1558 1166 1962 1245 Hispaniensis
1990 1168 2232 1231 historia
2271 1191 2308 1232 a
2334 1160 2515 1234 fratre

287 1259 572 1338 quodam
596 1263 898 1323 cucullato
939 1283 1013 1323 ex
1060 1264 1364 1334 Suetonio,
1395 1263 1611 1335 Hirtio,
1642 1264 1895 1342 aliisque
1930 1266 2310 1339 concinnata,
2340 1269 2513 1347 plane

291 1362 647 1437 ιωναχικῦε,
663 1360 787 1420 etsi
809 1380 933 1439 non
977 1362 1248 1422 monachi
1274 1380 1512 1440 prorsus
1551 1362 1729 1421 stilo!
1806 1362 1945 1423 Non
1964 1364 2262 1442 patiemur
2287 1364 2512 1429 diutius

304 1452 530 1515 harere
551 1456 702 1515 viros
722 1455 978 1518 doctos
960 1477 1022 1518 ιιι
1050 1478 1112 1519 re
1137 1458 1409 1519 levicula.
1463 1459 1573 1518 Est
1588 1457 1975 1536 fragmentum
2002 1459 2169 1520 illud
2176 1448 2511 1557 desumtum

299 1568 380 1609 ex
437 1550 576 1611 Iulii
625 1553 782 1613 Celsi
827 1556 1272 1623 commentariis
1326 1555 1404 1615 de
1452 1554 1574 1615 vita‘
1618 1557 1653 1616 J
1660 1556 1759 1615 uln
1815 1557 2065 1633 Caesaris
2131 1557 2335 1618 editis
2359 1578 2513 1620 anno

297 1661 799 1711 Ἠσεοοωωιιιῐ.
883 1653 992 1712 Est
1017 1672 1155 1713 vero
1176 1653 1279 1714 hic
1304 1653 1513 1714 Celsus
1539 1652 1716 1725 idem,
1742 1654 1848 1732 qui
1875 1655 2168 1716 Caesarem
2188 1650 2514 1718 recensuit..
2492 1676 2515 1693 ⁴

285 1744 471 1804 unde
532 1746 731 1806 multis
783 1749 1030 1810 Caesaris
1086 1750 1265 1811 codd.
1312 1751 1480 1811 mstis
1530 1750 1913 1829 subjunctum
1966 1753 2205 1831 legitur.
2274 1754 2519 1816 ‘Julius

277 1840 520 1911 -Celsus
547 1843 651 1902 vir
663 1845 1043 1907 Clarissimus
1066 1856 1129 1907 et
1149 1846 1361 1907 Com'es
1389 1848 1693 1917 rece'nsui;
1677 1849 1713 1884 ·’
1752 1848 1846 1907 vel
1871 1848 1989 1908 hoc
2018 1860 2227 1927 pacto:
2281 1850 2515 1911 ‘Julius

293 1937 521 1999 Celsus
570 1941 990 2003 Constantinus
1031 1944 1108 2004 V.
1138 1945 1212 2005 C.
1269 1944 1427 2024 legi.'
1480 1944 1724 2023 Aliquid
1751 1945 1951 2005 etiam
1968 1945 2046 2005 de
2073 1946 2189 2009 hoc
2232 1946 2520 2025 scriptore

303 2033 580 2097 diximus·
596 2039 855 2100 institut.
878 2041 1049 2101 Orat.
1079 2056 1145 2100 v.
1175 2049 1237 2102 3.
1299 2040 1457 2101 Inter
1484 2039 1797 2101 historicos
1824 2040 2095 2115 refertur,
2124 2051 2187 2103 et
2212 2041 2521 2121 diligenter

309 2133 392 2194 dc
419 2135 559 2195 Julii
601 2137 851 2198 Caesaris
879 2138 1055 2218 gestis
1102 2137 1407 2219 scripsisse
1431 2139 1607 2199 etiam
1652 2116 1874 2199 dicitur
1899 2158 1934 2199 a
1973 2139 2261 2199 Gualtero
2288 2139 2521 2203 Burloeo

289 2231 586 2315 ,Anglicm
608 2234 941 2295 Petrarcliae
957 2236 1199 2315 aequsli;
1241 2244 1307 2296 ut
1323 2236 1566 2297 omnino
1587 2235 1754 2296 valde
1774 2245 1990 2307 errent,
2015 2236 2115 2315 qui
2133 2237 2518 2317 fragmentum

289 2338 452 2397 ⁸ante
475 2336 859 2399 memoratum
883 2332 1069 2412 ipsius
1083 2334 1426 2395 Petras-chae
1451 2354 1581 2395 esse
1608 2336 1837 2394 volunt.
1920 2336 2076 2395 Saue
2118 2354 2189 2394 ex
2219 2334 2340 2395 istis
2368 2334 2521 2395 Celsi

281 2424 501 2499 alibris,
543 2447 791 2508 quorum
836 2448 872 2489 a
899 2430 1127 2491 nemine
1163 2439 1298 2492 ante
1325 2450 1435 2490 nos
1464 2431 1819 2491 mentionem
1854 2429 2079 2490 factam
2105 2430 2305 2503 miror,
2335 2431 2523 2492 multu

309 2524 370 2584 in
399 2526 632 2585 Coesare
657 2525 898 2587 feliciter
917 2535 1172 2607 possunt
1195 2527 1439 2599 restitui,
1470 2527 1637 2606 quod
1665 2525 2011 2605 aliquando,
2040 2525 2145 2586 σὺν
2170 2531 2301 2609 θεᾷ,
2328 2537 2523 2588 osteis-

309 2620 544 2681 demus.
584 2624 851 2683 Ceterum
873 2623 1147 2695 Oxoniae,
1173 2622 1517 2701 in'Collegio
1539 2623 1816 2702 Corporis
1826 2622 2069 2694 Christi,
2092 2622 2272 2682 habes
2290 2624 2521 2683 Mstum

312 2737 455 2780 cum
483 2719 599 2779 hac
617 2719 974 2799 epigraphe:
1027 2721 1134 2781 ‘C.
1162 2720 1573 2783 JuliiCaesaris
1590 2740 1694 2800 per
1721 2722 1754 2782 J
1762 2719 1943 2780 ulium
1969 2721 2207 2780 Celsum
2225 2719 2524 2780 commen·

289 2815 494 2884 ‚tariil
532 2817 743 2877 Utrum
760 2818 1028 2891 Caesaris,
1050 2813 1124 2878 an
1152 2818 1307 2879 Celsi
1337 2819 1473 2892 sint,
1497 2818 1701 2878 melius
1721 2816 1977 2878 dixerint
2005 2817 2108 2895 qui
2133 2815 2350 2877 videre.
2380 2818 2523 2880 ,Ex-

314 2922 508 2974 tremo
535 2913 682 2974 illud
712 2915 847 2975 loco
871 2925 1152 2988 attexam,
1166 2916 1326 2995 apud
1358 2920 1599 2978 Sextum
1632 2915 1931 2976 Aurelium
1954 2914 2253 2974 Victorem
2279 2913 2431 2975 libro
2448 2913 2525 2974 de

287 3011 558 3089 ,Origine
579 3012 763 3090 gentis
792 3013 1094 3084 Romam,
1118 3013 1487 3093 quorundam
1520 3015 1597 3074 ad
1620 3016 1731 3074 boc
1751 3007 2155 3092 argumentum
2185 3007 2527 3091 pertiuenti-

314 3128 420 3169 um
436 3116 739 3168 auctorem
762 3109 990 3170 laudari
1008 3110 1332 3180 Caesarem3
1358 3131 1633 3190 eumque,
1656 3130 1815 3170 nuuc
1836 3113 2027 3170 ἁπλῶς
2036 3109 2352 3181 Caesarem,
2364 3128 2524 3171 nunc

273 3201 286 3212 “
313 3206 393 3268 C.
416 3207 900 3277 Caesaremmanc
926 3206 1147 3268 ,lulium
1179 3209 1494 3281 Caesarem,
1513 3229 1671 3269 nunc
1693 3208 1941 3269 Lucium
1965 3209 2277 3278 Caesarem,
2296 3226 2526 3267 nuncu·

284 3303 467 3381 spari.
523 3304 722 3372 Quare
748 3304 1018 3376 dubium,
1043 3313 1377 3383 utrumpro
1398 3306 1605 3378 Lucio,
1629 3304 1828 3375 Caius,
1852 3323 1927 3363 an
1957 3322 2066 3381 pro
2094 3302 2261 3373 Caio,
2280 3301 2525 3375 Lucius,

315 3398 535 3460 debeat
559 3402 782 3478 reponi.
866 3401 1076 3462 Facilis
1103 3420 1241 3461 sane
1268 3402 1651 3464 commutatio
1676 3401 1857 3460 literae
1885 3400 1955 3458 C.
1985 3407 2045 3457 et
2076 3397 2143 3455 L.
2175 3405 2351 3474 prout
2377 3416 2529 3475 prae·

313 3494 555 3556 nonnius
582 3495 678 3556 illa
699 3497 882 3557 solent
903 3496 1144 3577 vulgari.
1203 3499 1354 3568 Nec,
1379 3498 1426 3557 si
1447 3498 1668 3557 Lucius
1688 3497 1967 3574 signetur,
1986 3493 2526 3572 satisliqueat,‘quis

283 3639 298 3650 .
316 3592 603 3671 signetur.
659 3593 812 3653 Nam
835 3604 1044 3672 praeter
1071 3593 1321 3653 Lucium
1342 3594 1655 3664 Caesarem,
1687 3591 1940 3671 Augusti
1957 3612 2027 3651 ex
2048 3591 2083 3650 J
2091 3591 2204 3650 ulia
2224 3599 2525 3668 nepotem,

315 3699 538 3770 praeter
563 3690 702 3749 item
729 3701 962 3751 atavum
993 3691 1239 3752 Caesaris
1265 3690 1592 3762 dictatoris,
1621 3690 1731 3749 suit
1758 3699 1819 3749 et
1844 3688 1999 3747 atavi
2026 3688 2203 3767 liujus
2230 3705 2526 3768 pronepos

314 3806 392 3847 eo
434 3787 812 3865 praenomine,
843 3798 901 3848 et
931 3790 1271 3868 pronepotis
1305 3788 1437 3866 ejus
1477 3787 1654 3859 filius,
1687 3786 1788 3865 qui
1817 3785 1998 3845 frater
2022 3795 2148 3845 erat
2175 3785 2248 3845 C.
2277 3783 2528 3845 Caesaris

317 3883 626 3944 Strabonis
668 3886 955 3955 oratoris;
1003 3897 1064 3946 et
1106 3886 1376 3964 ejusdem
1399 3906 1610 3970 nepos,
1641 3885 1743 3964 qui
1782 3883 2109 3943 avunculus
2136 3890 2264 3942 erat
2289 3880 2532 3941 Antonii

315 3980 660 4052 Triumviri,
688 3999 861 4060 aquo
887 3983 1255 4070 interemtus,
1292 3995 1352 4044 et
1378 3984 1640 4062 ejusdem
1668 4001 1980 4093 pronepoS,
2004 3991 2263 4059 quaestor
2282 3976 2528 4038 Catonis

321 4078 617 4139 Uticensis
667 4078 730 4137 in
775 4078 997 4151 Africa,
1054 4082 1156 4159 qui
1192 4082 1227 4141 J
1234 4081 1333 4140 uln
1373 4081 1619 4140 Caesaris
1665 4080 1840 4158 jussu
1893 4079 2123 4140 occisus
2174 4081 2284 4133 est.
2367 4069 2534 4136 Nihil

317 4176 533 4237 mirum
573 4183 795 4245 autem,
827 4175 873 4234 si
900 4177 990 4235 vel
1018 4177 1218 4247 Caius,
1247 4178 1340 4236 vel
1375 4176 1596 4237 Lucius
1620 4176 1840 4244 Caesar,
1869 4170 2221 4254 consignarit
2246 4166 2541 4248 originem,

318 4274 510 4355 gentis
536 4274 872 4344 Romsnae3
925 4271 1164 4353 quando
1187 4267 1513 4353 Julia“gens
1537 4282 1734 4334 ortum
1760 4266 2168 4330 suumducere
2195 4262 2423 4325 credita
2439 4271 2532 4324 est
