3017 4925
1148 336 1250 385 An
1298 334 1722 388 nnc‘roassu.
2374 320 2547 390 1687

343 482 662 551 tariumin
689 499 842 548 vlu
872 482 1078 549 libros
1120 481 1366 563 divisit,
1410 489 1487 549 ut
1527 482 1750 549 Julius
1781 480 2034 548 Caesar.
2126 480 2212 547 In
2257 480 2547 551 editione

216 659 233 672 ,
343 593 553 654 tamen
589 592 815 652 vetere
842 586 1027 651 nulla
1053 590 1157 650 est
1197 586 1511 651 librorum
1561 585 1913 664 distinctio,
1962 604 2163 669 quam
2203 585 2314 651 hic
2360 593 2433 651 ut
2477 586 2549 654 in

347 691 490 755 aliis
534 710 768 755 sumus
817 691 1053 756 secuti.
1144 688 1281 754 Sed
1310 688 1630 773 quicquid
1658 690 1746 754 sit
1772 687 1854 752 de
1882 689 2136 772 scripto
2160 693 2227 754 et
2255 693 2549 772 auctore,

346 793 546 878 liquet
572 793 809 877 utique
838 811 1233 877 anonymum
1259 811 1429 870 esse,
1458 810 1651 875 quem
1679 790 1967 855 Vossius
1992 788 2040 853 J
2045 790 2248 854 ulium
2278 789 2550 858 Celsum

350 904 561 974 vocat,
624 914 763 979 quo
816 900 1088 960 auctore
1137 896 1393 976 ignoro,
1445 894 1576 958 nisi
1624 893 1811 974 forte,
1862 912 2015 960 cum
2057 893 2346 976 legisset,
2393 893 2551 961 libri

348 999 569 1064 octavi
624 998 1018 1083 scriptorem
1067 998 1294 1062 haberi
1343 996 1636 1076 Celsum,
1683 1001 1757 1062 ut
1804 996 2114 1075 vidimus,
2156 1015 2281 1061 nec
2330 1000 2549 1062 tamen

347 1100 514 1166 alius
542 1104 723 1166 esset
747 1100 931 1164 illius
973 1100 1126 1164 libri
1173 1104 1426 1178 auctor,
1468 1118 1676 1182 ‘quam
1723 1100 1839 1182 qui
1883 1100 1969 1163 sit
2013 1098 2546 1183 praecedentium,

348 1202 521 1288 quod
548 1218 745 1268 nemo
773 1203 968 1268 iverit
993 1200 1283 1281 inficiaS,
1326 1204 1441 1285 qui
1478 1201 1589 1266 vel
1636 1199 1990 1265 dictionem
2036 1201 2147 1266 vel
2192 1201 2550 1268 sententias

347 1306 658 1370 attentius
715 1303 1104 1382 consideret,
1157 1303 1447 1368 animum
1495 1302 1834 1384 induxerit
1879 1308 1954 1367 ut
2003 1301 2295 1368 crederet
2345 1305 2550 1370 totius

344 1406 531 1493 hujus
564 1407 785 1491 operis
815 1406 1222 1472 conditorem
1246 1423 1393 1470 esse
1437 1404 1485 1469 J
1490 1405 1694 1470 ulium
1733 1402 2023 1470 Celsum.
2114 1402 2275 1469 Fuit
2319 1410 2545 1473 autem

348 1528 709 1594 anonymus
736 1511 847 1574 hic
878 1508 1309 1574 Christianus,
1396 1508 1661 1574 Laudat
1686 1508 2132 1574 testimonium
2160 1509 2374 1572 sancti
2401 1504 2550 1573 Au-

347 1612 588 1695 gustini
618 1610 699 1676 de
725 1617 934 1678 morte
960 1611 1333 1678 voluntaria
1361 1609 1658 1691 Catonis,
1686 1616 1752 1676 et
1790 1630 1922 1675 non
1965 1629 2114 1675 raro
2162 1610 2435 1675 damnat
2481 1616 2552 1678 et

346 1712 568 1778 irridet
629 1693 1001 1797 gentilium,⁸
1042 1713 1496 1779 Romanorum
1548 1715 1912 1799 praecipue,
1969 1714 2037 1778 in
2098 1712 2420 1795 auspiciis
2479 1716 2548 1779 et

350 1816 554 1880 sacris
594 1816 1147 1901 superstition-n.
1239 1816 1447 1883 Nulla
1483 1818 1556 1881 in
1598 1818 1714 1883 illo
1758 1818 2166 1902 antiquitatis
2206 1820 2362 1880 sunt
2397 1833 2548 1879 ves-

350 1918 526 2001 tigia.
618 1917 804 1997 Quin
828 1920 947 1985 vix
994 1918 1641 2004 quadringentorum,
1680 1939 1999 1985 summum
2048 1919 2550 2003 quingentorum

350 2038 664 2086 annorum
722 2025 985 2087 aetatem
1036 2021 1176 2088 fert.
1285 2020 1488 2101 Nam,
1541 2026 1613 2086 ut
1669 2022 1964 2087 omittam
2021 2021 2180 2099 alia,
2206 2091 2214 2096 ,
2243 2017 2546 2083 Morinos

350 2121 509 2188 dicit
534 2142 660 2188 suo
689 2128 984 2209 tempore
1030 2113 1354 2198 Flandros
1394 2125 1743 2209 appellari,
1783 2130 1848 2191 et
1893 2123 2117 2207 Reges
2162 2120 2542 2188 Germaniae

349 2222 669 2292 Caesares.
758 2225 1082 2305 Quamvis
1123 2247 1282 2294 vero
1326 2225 1373 2293 J
1374 2229 1497 2293 ulii
1536 2227 1714 2293 Celsi
1752 2248 1882 2293 non
1928 2228 2062 2318 sint
2101 2226 2170 2290 hi
2215 2241 2544 2290 commen·

345 2329 518 2407 tatii,
563 2329 625 2393 si
670 2329 787 2393 ulli
814 2349 1110 2413 unquam
1154 2328 1333 2395 Celsi
1379 2331 1827 2396 commentarii
1865 2332 2242 2408 extiterunt,
2286 2325 2371 2390 de
2410 2343 2545 2411 quo

343 2429 535 2496 valde
563 2431 819 2511 dubito,
854 2451 935 2498 ac
977 2451 1111 2498 non
1153 2431 1377 2517 potius
1425 2432 1686 2518 decepti
1729 2437 1885 2497 sunt
1935 2450 2186 2509 omnes,
2235 2428 2375 2508 alii,
2424 2426 2546 2515 qui

340 2533 822 2599 emendatorem
850 2553 1125 2619 operum
1147 2533 1441 2600 Caesaris
1460 2534 1508 2599 J
1511 2535 1718 2599 ulium
1740 2534 2008 2599 Celsum
2030 2533 2395 2597 habuerunt
2419 2549 2546 2613 pro

338 2633 600 2701 illorum
647 2642 939 2713 auctore,
987 2635 1127 2716 alii,
1180 2638 1294 2723 qui
1339 2638 1517 2702 hunc
1564 2656 1963 2721 anonymum
2012 2632 2433 2699 crediderunt
2476 2636 2545 2697 et

344 2735 615 2803 Celsum
645 2738 851 2817 illum,
899 2739 1015 2823 qui
1054 2758 1238 2824 saepe
1279 2739 1592 2804 laudatur
1637 2759 1679 2805 a
1723 2737 2184 2823 scriptoribus),
2232 2736 2349 2819 qui
2393 2738 2544 2800 ante

341 2844 663 2905 trecentos
705 2859 910 2905 annos
947 2842 1277 2919 vixerunt,
1317 2860 1597 2926 quorum
1642 2859 1843 2925 supra
1882 2839 2319 2917 meminimuS,
2360 2838 2544 2922 quia,

343 2941 509 3006 utin
539 2940 825 3006 editione
846 2948 1110 3007 vetusta
1137 2947 1364 3019 nostra
1387 2943 1555 3007 liber
1582 2949 1861 3009 octavus
1886 2941 2065 3007 Celsi
2091 2960 2329 3006 nomen
2355 2939 2542 3024 gerit,

345 3042 442 3109 sic
470 3043 748 3109 forsitan
775 3045 842 3109 in
869 3045 1202 3110 nonnullis
1230 3048 1700 3131 manuscriptis
1736 3045 2081 3112 codicibus
2127 3063 2351 3110 omnes
2389 3038 2544 3107 libri

343 3143 463 3211 hoc
504 3165 744 3211 nomen
769 3153 1195 3228 ostentarunt,
1238 3148 1417 3234 quod
1445 3151 1571 3215 viri
1599 3150 1781 3215 docti
1810 3149 2240 3214 observarunt
2283 3147 2351 3211 in
2390 3142 2544 3209 (3ae-

345 3247 511 3312 saris
542 3268 806 3333 quoque
836 3251 1320 3316 commentariis
1360 3251 1872 3336 manuscriptis3
1917 3257 2071 3316 sunt
2106 3255 2327 3314 tamen
2364 3246 2547 3331 digni

342 3349 408 3413 hi
435 3353 744 3436 anonymi
772 3354 1246 3433 commentarii,
1293 3356 1410 3439 qui
1446 3375 1538 3419 ex
1579 3356 1724 3419 istis
1768 3352 2039 3420 latebris
2084 3352 2152 3417 in
2198 3348 2543 3415 celebrita-

343 3457 475 3516 tem
501 3453 982 3537 protrahantur.
1072 3456 1185 3521 Sic
1228 3459 1398 3522 enim
1426 3455 1709 3523 satisfiet
1751 3455 2155 3521 eruditorum
2189 3451 2542 3530 desiderio,

346 3557 458 3639 qui
490 3556 650 3621 olim
678 3576 830 3621 eum
857 3557 1079 3625 videre
1109 3563 1421 3644 gestiunt,
1464 3563 1630 3626 inter
1659 3579 1829 3644 quos
1856 3558 1985 3624 fuit
2009 3557 2138 3624 Vir
2184 3556 2543 3641 probitate,

345 3656 662 3738 doctrina,
690 3667 757 3725 et
785 3681 937 3726 cum
965 3670 1344 3747 superesset
1367 3664 1583 3729 studio
1610 3660 2067 3728 benemerendi
2095 3659 2176 3724 de
2205 3657 2543 3743 praeclaris

345 3761 618 3840 artibus,
659 3762 1046 3848 illarumque
1095 3767 1460 3832 cultoribus
1508 3767 1577 3831 in
1617 3765 1853 3851 primis
1903 3764 2143 3829 nobilis
2196 3760 2541 3826 Emericus

347 3859 675 3943 Bigotius,
720 3864 913 3948 cujus
941 3867 1296 3950 epistolam
1340 3874 1493 3934 ante
1527 3867 1765 3933 multos
1794 3886 2000 3931 annos
2044 3864 2132 3929 ad
2180 3854 2541 3930 Nicolaum

348 3960 698 4029 Heinsium
728 3965 948 4031 datam
977 3968 1132 4051 legi,
1176 3971 1245 4033 in
1283 3990 1417 4054 qua
1458 3969 1728 4054 petebat
1770 3968 2080 4053 quaedam
2119 3966 2247 4031 sibi
2283 3984 2370 4029 ex
2409 3964 2541 4028 hoc

348 4080 667 4150 anonymo
710 4067 1020 4149 describi,
1066 4073 1470 4157 optabatque
1517 4079 1729 4138 totum
1778 4078 1895 4136 aut
1944 4071 2181 4147 solum,
2224 4071 2339 4133 aut
2386 4085 2541 4132 cum

345 4162 387 4228 J
392 4164 522 4232 ulio
545 4165 839 4250 Caesare,
861 4171 922 4235 si
951 4174 1216 4256 quando
1246 4174 1427 4260 typis
1454 4175 1694 4241 iterum
1721 4172 2163 4252 mandaretur,
2186 4164 2539 4258 publicari,
