3017 4925
519 364 696 449 1889
1175 380 1239 431 ι.
1284 380 1496 432 cnnsr
1546 381 1965 432 munaum
1979 382 2085 430 an

524 542 738 615 sponte
765 532 961 595 facere
978 532 1416 605 constitueram,
1461 542 1526 594 ut
1554 552 1733 612 quam
1779 532 2139 594 lenissimum
2179 551 2272 593 me
2307 532 2663 612 puberem,
2684 543 2747 596 et

525 632 880 711 Pompejum
910 630 1108 692 darem
1151 650 1392 707 operam
1421 641 1489 691 ut
1529 630 2008 692 reconciliarem:
2062 640 2355 693 tentemus
2384 632 2499 691 hoc
2538 631 2744 703 modo,

526 728 576 789 si
602 748 934 809 possumuS,
984 728 1244 788 omnium
1293 728 1624 788 voluntates
1667 747 2031 807 recuperare,
2078 738 2141 788 et
2178 727 2455 789 diuturna
2496 729 2747 791 victoria

528 826 651 889 uti:
712 846 891 905 quum
934 826 1139 905 reliqui
1166 825 1512 889 crudelitate
1539 825 1740 887 odium
1782 825 2041 905 effugere
2077 845 2198 885 non
2223 834 2521 904 poterunt,
2552 844 2746 904 neque

527 923 835 984 victoriam
864 923 1079 985 diutius
1121 933 1334 994 tenere,
1374 930 1588 1002 praeter
1630 941 1810 983 unum
1850 924 1920 984 L.
1950 923 2171 994 Sillani,
2202 941 2379 1000 quem
2418 920 2749 982 imitaturus

526 1040 644 1083 non
672 1041 834 1081 sum:
879 1022 1008 1081 haec
1045 1041 1201 1081 nova
1225 1019 1430 1082 ⁶⁶ratio
1459 1020 1744 1093 vincendi,
1774 1029 1842 1080 ut
1884 1019 2284 1080 misericordia
2309 1029 2371 1079 et
2394 1019 2746 1081 liberalitate

526 1136 636 1179 nos
673 1118 1033 1179 muniamus:
1076 1118 1139 1178 id
1183 1116 1691 1197 quemadmodum
1732 1115 1859 1177 fieri
1916 1126 2132 1195 posset,
2174 1116 2457 1177 nonnulla
2498 1116 2647 1176 mibi
2684 1117 2745 1179 in

528 1224 781 1276 mentem
813 1216 1067 1290 veniunt,
1096 1227 1157 1277 et
1204 1216 1389 1277 multa
1430 1214 1669 1295 reperiri
1696 1224 1980 1293 possunt:
2024 1215 2098 1275 de
2125 1212 2212 1275 his
2250 1213 2427 1273 rebus
2452 1233 2601 1292 rogo
2640 1234 2746 1275 vos

527 1321 596 1373 ut
623 1312 1036 1392 cogitationem
1065 1312 1415 1391 suscipiatis.
1487 1309 1628 1372 ⁶⁷N.
1646 1311 1843 1391 magni
1872 1310 2139 1390 Pompeji
2161 1309 2505 1389 praefectum
2530 1311 2748 1391 depre-

529 1408 728 1481 hendi,
757 1410 977 1473 scilicet
1019 1432 1152 1472 meo
1177 1409 1446 1470 instituto
1475 1427 1617 1468 usus
1645 1428 1798 1479 sum,
1829 1418 1892 1468 et
1915 1427 2051 1467 eum
2093 1406 2290 1467 statim
2318 1406 2563 1467 missum
2591 1407 2749 1470 feci:

520 1507 652 1585 jam
679 1507 800 1568 duo
847 1509 1116 1589 praefecti
1140 1506 1460 1588 ⁶⁸partium
1499 1505 1768 1585 Pompeji
1797 1506 1855 1565 iu
1883 1526 2071 1566 meam
2094 1514 2447 1584 potestatem
2472 1525 2753 1586 pervene-

525 1613 685 1675 runt,
710 1614 771 1664 et
795 1623 832 1663 a
858 1626 951 1665 me
994 1605 1152 1665 missi
1192 1612 1358 1665 sunt:
1402 1599 1565 1662 ⁶⁹sed
1596 1601 1792 1662 volent
1817 1604 1969 1681 grati
1993 1622 2121 1663 esse
2148 1601 2454 1663 debebunt
2495 1602 2753 1683 Pompo-

522 1696 655 1781 jum
691 1700 928 1772 hortari,
971 1710 1036 1761 ut
1076 1699 1243 1760 malit
1280 1698 1426 1761 mihi
1451 1718 1581 1758 esse
1621 1697 1868 1772 amicus,
1895 1719 2075 1779 quam
2118 1700 2209 1771 iis,
2238 1698 2341 1778 qui
2385 1699 2471 1758 illi
2510 1710 2575 1760 et
2611 1701 2754 1762 mibi

531 1815 767 1877 semper
820 1797 1057 1858 fuerunt
1111 1796 1513 1869 inimicissimi,
1570 1815 1821 1874 quorum
1879 1795 2133 1857 artificiis
2181 1797 2461 1858 effectum
2516 1808 2629 1871 est,
2684 1810 2755 1859 ut

528 1894 866 1972 respublica
907 1895 968 1954 in
998 1894 1157 1954 hunc
1185 1904 1405 1955 statum
1445 1894 1814 1974 perveniret.'
1895 1894 2104 1955 Eidem
2133 1914 2271 1955 cum
2297 1894 2374 1954 de
2402 1893 2521 1954 hoc
2563 1896 2752 1975 scrip-

453 2001 472 2018 *
529 1989 702 2051 sisset
754 1990 1098 2070 factumque
1139 1991 1437 2053 laudasset
1484 1993 1719 2063 Cicero,
1765 1992 1869 2071 qui
1923 2013 1984 2053 se
2031 1991 2162 2051 ⁷0ad
2217 1991 2498 2064 medium,
2545 1993 2756 2054 ⁷¹intel·

531 2108 741 2166 magna
774 2088 913 2149 licet
951 2088 1206 2149 animum
1260 2086 1665 2161 fluctuatione,
1694 2100 1753 2150 et
1810 2091 1993 2150 multa
2033 2089 2410 2150 consiliorum
2460 2091 2759 2163 varietate,

531 2196 819 2259 tenuerat.
864 2187 1160 2265 rescripsit
1209 2187 1300 2247 his
1355 2187 1580 2247 verbis:
1646 2195 1664 2220 ‘
1694 2188 1895 2248 Caesar
1948 2188 2268 2266 imperator
2322 2188 2592 2248 Ciceroni
2648 2188 2757 2247 im-

532 2285 791 2362 peratori
842 2286 1087 2345 salutem
1129 2284 1298 2346 dicit.
1383 2286 1568 2345 Recte
1620 2285 1928 2365 auguraris
1974 2284 2050 2345 de
2091 2304 2209 2356 me,
2253 2286 2402 2345 bene
2443 2285 2601 2346 enim
2650 2285 2757 2345 tibi

533 2380 806 2460 cognitus
834 2402 984 2454 sum,
1015 2382 1158 2443 nihil
1178 2402 1215 2442 a
1234 2402 1326 2442 me
1344 2382 1550 2443 abesse
1576 2383 1805 2460 longius
1833 2381 2216 2442 crudelitate:
2250 2382 2421 2461 [188]
2440 2392 2757 2462 atquoego

534 2498 674 2540 cum
692 2501 764 2540 ex
779 2480 909 2559 ipsa
934 2501 996 2542 re
1016 2501 1286 2560 magnam
1309 2482 1486 2560 capio
1511 2482 1897 2561 voluptatem,
1918 2491 2040 2541 tum
2065 2499 2257 2541 meum
2274 2480 2503 2540 factum
2521 2480 2758 2559 probari

533 2576 643 2637 abs
671 2588 729 2638 te
758 2579 1056 2658 triumpho
1097 2589 1157 2640 et
1186 2579 1453 2660 gaudeo:
1498 2602 1690 2660 neque
1729 2581 1873 2641 illud
1918 2599 2011 2639 me
2053 2587 2266 2650 movet,
2297 2579 2459 2656 quod
2506 2579 2563 2638 hi
2592 2578 2699 2657 qui
2721 2597 2757 2640 a

533 2694 629 2734 me
657 2674 882 2736 dimissi
918 2677 1306 2738 ⁷²discessisse
1347 2677 1649 2749 dicuntur,
1683 2687 1750 2737 ut
1789 2677 1934 2736 mibi
1974 2694 2173 2736 rursus
2201 2674 2416 2735 bellum
2444 2673 2763 2739 inferrent:

532 2771 676 2831 nihil
703 2773 860 2832 enim
901 2774 1077 2846 malo,
1107 2793 1288 2853 quam
1329 2783 1391 2860 οἷα
1418 2794 1513 2835 me
1554 2774 1668 2834 mei
1710 2773 1953 2834 similem
1982 2792 2108 2833 esse
2147 2782 2209 2833 et
2244 2772 2372 2832 illos
2402 2771 2535 2832 sui!
2617 2773 2758 2843 Quo

535 2868 701 2928 dicto
728 2869 824 2928 vix
851 2871 1074 2949 aliquid
1107 2890 1368 2949 unquam
1397 2871 1521 2931 dici
1561 2871 1875 2951 gloriosius
1900 2890 1972 2931 ac
2015 2868 2483 2948 magnificentius
2538 2869 2760 2943 audivi,

535 2972 598 3023 et
626 2962 757 3023 haec
786 2964 1022 3043 quidem
1063 2976 1249 3038 extra,
1299 2966 1402 3027 sed
1433 2986 1548 3026 non
1595 2978 1661 3029 ut
1700 2968 1951 3028 arbitror
1990 2976 2195 3028 contra
2235 2965 2440 3027 seriem
2480 2967 2758 3039 historie,

532 3077 642 3140 pro
669 3058 1061 3122 delectatione
1102 3061 1342 3123 lectoris
1370 3063 1709 3142 interposui.
1790 3064 1886 3124 Ad
1931 3084 2055 3125 rem
2096 3065 2289 3125 redeo.
2372 3064 2527 3123 Cum
2558 3063 2761 3126 cnut

533 3156 808 3235 Apuliam
863 3158 1184 3237 attigisset:
1257 3179 1394 3220 mox
1437 3160 1837 3222 Brundusium
1876 3160 2044 3234 adiit,
2120 3157 2594 3240 Pompeiumque
2628 3161 2763 3238 jam

533 3269 919 3333 praegressum
962 3254 1160 3316 valida
1183 3256 1493 3318 obsidione
1535 3257 1958 3320 circumdedit:
2003 3258 2081 3318 de
2128 3277 2251 3337 quo
2293 3258 2497 3318 iisdem
2541 3258 2761 3338 quibus

536 3371 713 3434 supra
734 3353 958 3428 scribit,
970 3376 1102 3417 nam
1131 3365 1192 3417 et
1219 3358 1352 3419 haec
1374 3358 1558 3419 animi
1583 3358 1713 3437 ejus
1739 3357 1915 3418 index
1936 3355 2189 3435 epistola
2217 3356 2467 3416 videtur.
2518 3363 2536 3388 ‘
2560 3357 2763 3422 Caesar

536 3450 742 3531 Oppio
796 3453 1190 3532 Cornelioque
1226 3455 1492 3518 salutem.
1574 3456 1669 3516 Ad
1715 3470 1843 3516 vn.
1892 3453 2033 3514 idus
2062 3452 2310 3514 Martias
2356 3441 2757 3516 Bnmdusinifi

538 3547 705 3610 veni:
749 3548 826 3610 ad
855 3570 1082 3612 murum
1110 3560 1307 3613 castra
1333 3553 1528 3632 posui.
1611 3552 1941 3633 Pompejus
1967 3560 2058 3611 est
2087 3549 2445 3612 Brundusii:
2493 3550 2659 3612 misit
2684 3550 2759 3618 ad

535 3663 632 3704 me
661 3646 796 3705 ⁷³N.
827 3647 1090 3726 Magium
1118 3647 1197 3709 de
1223 3668 1411 3728 pace:
1453 3669 1592 3730 qua».
1611 3649 1734 3710 visa
1761 3659 1895 3709 sunt
1924 3647 2226 3726 respondi:
2271 3648 2400 3708 haec
2428 3667 2534 3708 vos
2562 3649 2761 3710 statim

535 3739 688 3801 scire
715 3742 916 3802 volui:
958 3764 1095 3805 cum
1122 3745 1182 3804 iu
1208 3733 1372 3826 spem
1413 3768 1631 3810 venero
1658 3746 1734 3808 ds
1761 3745 2192 3825 compositione
2218 3744 2443 3823 aliquid
2482 3765 2579 3808 mc
2620 3765 2764 3808 con·

538 3834 736 3910 ficere,
787 3839 982 3900 statim
1010 3860 1115 3902 vos
1149 3842 1427 3905 certiores
1474 3844 1729 3904 faciam.'
1789 3844 1867 3904 Et
1908 3843 2186 3922 quoniam
2226 3852 2469 3922 propter
2519 3842 2759 3904 navim!

535 3935 842 4014 penuriam
884 3938 1027 3997 mari
1052 3957 1187 4000 eum
1233 3940 1502 4000 obsidere
1530 3960 1649 4001 non
1690 3950 1960 4021 poterat:
2017 3939 2227 4000 timens
2269 3939 2329 3999 id
2359 3938 2524 4018 quod
2554 3959 2757 4008 omues

535 4033 786 4112 cupiunt
812 4034 1030 4108 hostes,
1070 4034 1308 4115 fugam:
1353 4036 1799 4099 famosissimum
1838 4035 2275 4116 maximumque
2317 4036 2478 4102 inum
2518 4047 2758 4126 ponus?

589 4183 668 4255 ,ω
700 4178 878 4243 Adde,
910 4179 1121 4233 sit—⁶⁷
1160 4181 1320 4248 Lege,
1356 4181 1449 4232 Cn.
1473 4182 1845 4253 Magiam—48
1875 4180 2411 4246 Adde‚febm.—-⁶n
2430 4181 2614 4247 Forte,
2632 4181 2759 4234 si·-

538 4264 604 4310 ⁷⁰
626 4261 806 4328 Forte,
822 4261 1117 4314 «dhes-⁷1
1137 4263 1300 4328 Lege,
1317 4261 1374 4314 ia
1393 4266 1714 4327 mam-⁷2
1736 4262 1912 4329 Adde,
1928 4264 2186 4316 ante-'1⁸
2210 4261 2379 4327 Lege,
2399 4262 2495 4314 Gn.
2530 4281 2535 4287 ·
