3017 4925
886 418 979 468 ω
1024 418 1206 468 vrrs.
1249 417 1456 469 suun
1506 417 1865 480 σκευαῖς.
2299 403 2492 472 17977

274 561 545 625 neharo-
570 559 870 622 violenter
892 562 1284 642 irrumpimus,
1317 572 1379 624 et
1424 563 1504 624 nil
1553 564 1672 625 tale
1700 564 2025 643 cogitantes
2057 563 2473 644 'aggredimnrg

272 658 448 722 aderit
472 658 576 737 pio
602 659 855 720 forsitan
882 658 1116 721 fortuna
1143 661 1402 722 conatui.
1486 661 1760 739 Alioquin
1790 661 1900 722 nisi
1932 662 2154 741 inipetu
2179 662 2474 723 vincimus

270 773 457 836 pugna
504 756 819 818 vincemur
865 758 1198 819 ordinaria!
1275 759 1593 838 Acquievit
1644 758 1781 818 fidis
1831 758 2030 820 Galba
2081 759 2374 822 consiliis:
2416 770 2478 822 et

271 862 425 914 crant
470 855 699 933 quibus
730 856 938 915 merito
983 854 1383 917 ⁹⁷eredentur.'
1457 857 1604 916 Mox
1647 855 1875 915 edoctis
1918 855 2358 917 centurionibus
2404 875 2478 917 ac

271 951 501 1012 tribunis
549 952 721 1032 quod
770 952 934 1013 facto
982 973 1133 1032 opus
1180 963 1354 1025 esset,
1403 954 1682 1014 militibus
1732 953 2003 1024 edicitur,
2051 963 2116 1013 nt
2163 954 2481 1033 respirent}

272 1067 448 1126 neque
473 1049 643 1110 aliud
674 1051 998 1130 quidquam
1028 1060 1209 1128 agunt
1254 1070 1431 1130 quam
1462 1051 1580 1111 tela
1608 1050 1866 1110 hostium
1897 1050 2204 1110 sustinere:
2250 1051 2482 1111 intenti·

272 1164 379 1223 que
401 1146 635 1207 interim
660 1149 890 1227 signum
918 1149 1236 1227 eruptionis
1261 1157 1644 1228 exspectent:
1688 1147 1784 1208 vix
1812 1149 1974 1208 brevi
2001 1148 2142 1207 hora
2169 1147 2478 1208 laborioso

271 1242 471 1304 tradita
520 1245 743 1323 quieti,
790 1246 936 1308 dato
983 1248 1173 1327 signo,
1225 1247 1360 1326 [55]
1406 1246 1571 1326 quod
1618 1255 1989 1316 convenerat,
2030 1245 2226 1305 subito
2270 1253 2483 1323 preter

272 1358 418 1417 spem
447 1352 784 1404 castrorum
815 1345 995 1422 portis
1020 1345 1346 1421 erumpitur
1372 1344 1550 1405 tantis
1577 1344 1805 1415 annuis,
1826 1353 1896 1404 nt
1919 1352 2221 1421 stupentes
2247 1341 2482 1402 barbari

272 1434 412 1497 ferre
438 1438 739 1516 impetum
766 1459 883 1499 non
912 1449 1155 1518 possent
1179 1450 1237 1500 et
1264 1441 1428 1501 (licto
1455 1443 1631 1501 citius
1664 1459 1882 1520 pugnae
1905 1448 2092 1500 status
2121 1446 2480 1509 mutareturz

272 1541 332 1592 ut
358 1533 459 1613 qui
493 1535 684 1596 modo
710 1536 1080 1608 invadebant,
1110 1536 1540 1609 invaderentur,
1583 1547 1645 1598 et
1692 1537 1796 1617 qui
1838 1535 2285 1607 invadebantur,
2329 1536 2486 1596 iuva·

271 1628 495 1702 derentg
543 1632 779 1711 quique
825 1634 884 1692 in
933 1635 1139 1694 castris
1175 1633 1359 1695 clausi
1386 1634 1829 1713 oppugnatione
1858 1633 2098 1694 terribili
2121 1632 2201 1693 ad
2230 1630 2485 1711 captivi·

272 1736 445 1789 tatem
472 1738 538 1789 et
568 1728 930 1808 supplicium
957 1728 1308 1809 petebantur
1335 1731 1395 1790 in
1422 1731 1648 1790 medios
1673 1731 1871 1792 hostes
1887 1730 2103 1791 invecti
2127 1730 2280 1791 ferro
2307 1730 2486 1791 obvia

272 1835 478 1886 cuncta
505 1836 977 1904 prosternerent:
1020 1828 1105 1887 ita
1153 1837 1221 1888 ut
1268 1848 1340 1888 ex
1390 1829 1626 1907 triginta
1651 1828 1889 1891 milibus
1934 1828 2337 1903 barbarorum,
2382 1828 2487 1907 qui

274 1921 557 1999 legionem
613 1941 791 1982 unam
845 1923 1040 1983 ”cum
1093 1932 1373 1986 steterant
1389 1948 1406 1996 ς
1452 1925 1616 1986 brevi
1664 1927 1945 2005 temporis
1991 1925 2052 1984 in
2108 1926 2298 2005 spatio
2348 1925 2483 2004 plus

274 2036 442 2094 quam
466 2018 689 2080 decem
718 2019 870 2080 milia
897 2039 1053 2080 caesa
1079 2029 1301 2081 essent:
1344 2019 1600 2100 reliquos
1621 2022 1792 2082 morti
1814 2041 1934 2082 non
1959 2021 2172 2092 virtum
2212 2021 2317 2102 sed
2344 2021 2485 2100 fuga

273 2114 597 2193 praeripuit.
678 2115 778 2176 Sic
807 2116 1062 2177 virorum
1102 2115 1341 2177 fortium
1380 2117 1880 2196 prudentiumque
1917 2119 2162 2178 consilia
2188 2117 2486 2197 prosperis

273 2212 645 2291 prosequitur
668 2212 903 2274 fortuna
937 2213 1342 2273 successibus:
1386 2213 1478 2272 his
1516 2214 1666 2273 actis
1696 2215 1946 2274 Romani
1990 2213 2244 2275 victores
2270 2233 2397 2275 sese
2421 2214 2486 2272 in

275 2315 459 2368 eastra
486 2308 819 2387 recipiunt:
867 2310 968 2370 sed
997 2311 1195 2370 Galba
1220 2331 1446 2371 memor
1472 2331 1542 2371 se
1563 2311 1679 2370 illis
1705 2310 1764 2370 in
1793 2311 1941 2371 locis
1968 2327 2002 2369 a
2031 2312 2261 2372 Caesare
2289 2310 2489 2371 dimis-

274 2423 421 2477 sum,
442 2424 572 2467 non
601 2414 666 2467 ut
696 2405 911 2467 bellum
936 2416 1179 2485 gereret,
1201 2408 1303 2469 sed
1334 2417 1399 2469 ut
1425 2408 1634 2470 ⁹⁹inter
1659 2407 1802 2469 illud
1832 2427 1902 2468 ex
1931 2407 2139 2469 Galliis
2166 2426 2274 2486 per
2301 2407 2488 2488 Alpes

275 2501 347 2563 ad
370 2502 615 2564 Italiam
639 2502 899 2576 difficile,
926 2524 998 2565 ac
1027 2507 1447 2567 mercatoribus
1465 2526 1777 2566 onerosum
1801 2514 1864 2565 et
1888 2523 2035 2582 pene
2065 2505 2486 2566 maban-usum

273 2599 735 2679 pet-plexumque
793 2602 1085 2680 portoriis,
1139 2603 1658 2682 periculosumque
1712 2600 2056 2662 latrunculis
2109 2600 2488 2679 patefaceret,

277 2716 502 2777 smqne
552 2706 749 2759 tutum
793 2697 1064 2759 redderet
1104 2701 1442 2779 praesentia.
1547 2702 1789 2777 Insuper
1833 2698 2024 2757 victor
2070 2696 2232 2769 licet,
2280 2697 2490 2757 nole.

276 2802 473 2854 tamen
499 2813 628 2854 rem
656 2795 903 2856 fortunae
943 2797 1156 2876 saepius
1186 2798 1577 2870 committere,
1606 2805 1667 2857 et
1705 2812 1905 2869 rursus
1950 2802 2215 2856 extrema
2240 2801 2490 2866 tentare,

281 2890 411 2952 inde
438 2891 643 2952 statim
673 2892 833 2951 nullo
874 2892 1149 2954 obstante
1176 2895 1235 2953 in
1274 2895 1634 2981 Allobroges
1677 2893 2032 2953 'Romanam
2073 2902 2166 2953 est
2188 2910 2487 2955 reversust

280 3000 458 3068 atquc
496 2989 583 3051 ibi
623 2989 964 3068 tranquillus
993 2990 1340 3053 hibernavit.
1419 2990 1562 3052 Alia
1609 2988 1858 3051 subinde
1909 2988 2050 3050 belli
2093 2989 2334 3050 materia
2383 3006 2493 3068 per

284 3085 452 3147 ducis
479 3085 809 3147 absentiam
834 3096 963 3148 orta
989 3098 1137 3149 erat.
1192 3089 1441 3150 Publius
1470 3090 1713 3151 Crassus
1741 3086 2007 3166 egregins
2035 3089 2125 3148 ²et
2149 3086 2493 3148 adolescens

286 3202 421 3243 cnm
444 3182 702 3262 septima
728 3182 954 3262 legione
981 3183 1262 3247 dimissus
1287 3205 1324 3245 a
1350 3187 1577 3246 Caesare
1605 3203 1778 3244 secus
1800 3184 2112 3244 Oceanum
2137 3183 2494 3247 hibet-navita

286 3280 344 3339 Is
370 3278 651 3341 frumenti
694 3277 998 3341 ³finitimas
1044 3282 1269 3360 legatos
1319 3282 1612 3362 singulosg
1655 3279 1732 3341 ad
1762 3282 2017 3341 Venetes
2064 3299 2202 3341 vero
2229 3280 2493 3359 geminos

289 3375 630 3438 destinavit:
674 3376 838 3454 quod
858 3397 998 3456 gens
1024 3379 1124 3439 illa
1151 3388 1307 3440 esset
1333 3378 1593 3440 omnium
1618 3378 1749 3456 ejus
1775 3377 2027 3456 regionis
2049 3376 2456 3456 potentissima
2466 3398 2487 3449 ς

291 3473 457 3552 cnjus
482 3473 665 3535 hodie
690 3475 855 3554 quod
886 3477 1093 3547 sciam,
1123 3476 1209 3536 sic
1245 3484 1549 3537 transeunt
1584 3494 1674 3535 res
1701 3474 1995 3544 humanae,
2021 3491 2097 3533 ne
2123 3492 2337 3533 nomen
2363 3472 2494 3551 qui·

290 3571 421 3633 dem
442 3586 545 3636 ant
575 3574 882 3654 vestigium
909 3575 1093 3636 ullum
1120 3585 1305 3637 extat.
1365 3575 1457 3639 llli
1485 3582 1686 3634 autem
1709 3572 2059 3650 cogitantes,
2089 3571 2206 3631 hoc
2233 3569 2495 3632 fortassis

294 3670 463 3730 modo
490 3691 620 3731 sese
648 3670 909 3742 obsides,
954 3692 1102 3749 quos
1131 3671 1413 3734 Romanis
1438 3690 1561 3731 non
1603 3674 1809 3747 sponte
1837 3666 2147 3742 dederant,
2186 3686 2497 3748 recupera-

296 3772 469 3839 turos,
498 3767 725 3845 legatos
772 3766 1171 3839 detinuerunt,
1199 3786 1272 3827 ac
1321 3765 1568 3827 vinculis
1612 3764 2041 3827 astrinxerunt:
2083 3764 2199 3825 hoc
2225 3763 2497 3844 exemplo

298 3859 419 3923 freti
445 3864 659 3943 populi
702 3862 904 3936 ⁴vicia,
956 3874 1024 3925 ut
1065 3848 1471 3944 quibus'levia
1522 3862 1879 3940 mobilisque
1908 3869 2042 3921 sunt
2065 3862 2315 3940 ingenia,
2361 3857 2497 3941 [56]

298 3958 510 4042 legatos
537 3960 721 4021 etiam
745 3961 822 4023 ad
851 3981 915 4021 se
957 3961 1162 4022 missos
1206 3960 1393 4022 redire
1438 3960 1516 4021 ad
1562 3979 1696 4020 suos
1729 3959 1862 4038 pari
1905 3960 2210 4039 proposito
2237 3965 2495 4019 vetuere.

355 4126 417 4175 97
451 4123 631 4185 Forte,
666 4123 1088 4175 emeram—98
1121 4124 1299 4189 Forte,
1332 4124 1661 4173 citans-99
1693 4122 1856 4185 Lege,
1894 4121 2170 4171 itere—loo
2201 4119 2381 4179 Forte,
2418 4114 2497 4164 ob·

306 4207 639 4255 mum—l
675 4204 857 4267 Forte,
875 4205 1101 4255 coloniens
1119 4205 1175 4255 ἐκ
1196 4205 1575 4255 Rom—2
1605 4203 1766 4267 Dele,
1785 4205 1949 4256 ctera
1977 4200 2110 4250 Cum
2128 4197 2322 4265 aliquid
2343 4195 2501 4261 desit,

306 4282 369 4334 sic
385 4283 588 4343 restitui
610 4290 792 4351 potest
810 4297 880 4335 ex
903 4284 1137 4337 Caesare:
1171 4285 1332 4350 inopia
1349 4282 1781 4352 ‹cummium-4
1816 4283 1977 4346 Lege,
1997 4278 2162 4331 cicini·
