3017 4925
526 389 704 460 1796
1170 406 1230 461 s.
1280 404 1491 460 cuns!
1542 406 2081 461 consummari

523 561 712 624 fectus
736 556 1032 641 abjicitur,
1060 563 1390 642 speratique
1417 563 1606 624 ⁵²loco
1631 563 1863 643 praemii
1888 564 2162 644 supplicii
2190 564 2530 645 occupavit.
2572 562 2734 627 ·Me-

525 661 871 721 morandum
901 673 1179 739 praeterea
1206 660 1265 719 in
1296 662 1447 721 hanc
1479 661 1665 740 ipsam
1696 662 1894 721 boram
1924 662 2152 723 facinus
2179 663 2402 723 incidit.
2484 665 2732 726 Marcus

526 774 735 838 nempe
766 759 1071 820 Petronius
1098 759 1338 837 legionis
1385 757 1647 837 ejusdem
1694 759 1984 831 centurio,
2033 760 2176 821 dum
2224 770 2425 840 portas
2464 760 2732 840 frangere:

523 855 745 927 nititur,
818 854 1195 915 multitudine
1265 855 1523 915 bostium
1598 856 2053 928 circumventus,
2122 868 2183 917 et
2261 859 2447 937 plagis
2529 860 2732 919 multis

523 953 801 1023 afflictus,
832 953 964 1011 ⁵³nc
993 972 1192 1012 versus
1220 951 1294 1012 ad
1337 952 1567 1023 socios;
1613 960 1631 986 ‘
1662 952 1940 1031 quando‚'
1986 953 2197 1035 inquit,
2250 963 2269 991 ‘
2300 975 2393 1014 me
2422 955 2730 1016 vobiscum

527 1069 757 1110 servare
787 1049 1119 1130 prohibeor,
1170 1069 1273 1109 vos
1303 1049 1568 1121 servabo,
1601 1068 1749 1127 quos
1774 1068 2004 1110 mecum
2051 1051 2249 1129 glorias
2293 1051 2492 1111 studio
2522 1053 2583 1111 in
2615 1053 2736 1114 dis-

522 1147 744 1208 crimen
772 1147 955 1207 traxi:
999 1147 1076 1207 ite
1104 1147 1441 1218 incolumes,
1472 1146 1613 1207 dnm
1645 1164 1959 1227 parumper
1988 1149 2094 1208 hos
2126 1150 2403 1209 barbaros
2431 1148 2673 1210 detineo
2694 1154 2733 1210 τ’

523 1245 654 1306 baec
689 1245 892 1307 dicens
921 1247 1092 1325 quasi
1139 1246 1338 1305 adhuc
1363 1245 1590 1325 integer
1616 1245 1674 1303 in
1712 1244 1992 1306 adversos
2031 1245 2361 1318 invehitur:
2406 1247 2732 1308 etduobus

525 1360 644 1402 uno
681 1346 852 1404 cassis
880 1343 1123 1423 impetu,
1149 1342 1408 1420 reliquos
1437 1362 1470 1402 a
1499 1350 1685 1420 portae
1713 1341 1983 1402 custodia
2009 1343 2238 1404 interim
2266 1344 2512 1405 avertit:
2558 1344 2735 1404 dnm·-

525 1456 641 1518 qne
670 1441 760 1502 sui
803 1440 1066 1512 comites,
1117 1439 1217 1519 qui
1247 1439 1413 1499 inviti
1460 1449 1521 1499 et
1567 1439 1755 1500 moesti
1802 1460 1936 1499 eum
1984 1441 2352 1510 deserebant,
2399 1460 2578 1520 opem
2623 1442 2736 1501 sibl

521 1538 884 1598 nuncetiam
937 1537 1086 1597 serre
1123 1537 1463 1604 niterentur,
1513 1535 1610 1595 ille
1659 1546 1722 1595 ut
1766 1537 1930 1615 loqui
1972 1547 2235 1616 poterat:
2282 1545 2301 1572 ‘
2329 1537 2585 1607 frustra:
2610 1532 2733 1599 aitz

437 1704 444 1711 ἱ
524 1642 543 1668 ‘
563 1634 692 1712 jam
719 1654 814 1693 me
839 1635 994 1693 enim
1023 1632 1259 1713 sanguis
1286 1641 1347 1692 et
1373 1631 1490 1690 vita
1516 1630 1862 1691 destituunt.
1943 1632 2101 1702 Quin
2141 1653 2235 1692 me
2259 1633 2505 1713 linquite
2533 1634 2733 1714 igitur,

521 1740 582 1791 ct
611 1731 665 1771 ⁵⁴
677 1751 784 1790 nos
831 1730 978 1790 moti
1023 1729 1170 1791 dum
1218 1729 1360 1790 licet
1384 1728 1594 1808 eripite
1618 1734 1657 1791 ε’
1698 1728 1781 1788 sic
1809 1728 2134 1790 vociferans
2164 1731 2568 1810 insultansque
2598 1732 2735 1793 bosss-

522 1827 678 1889 tibus
697 1828 815 1887 ruit
840 1838 901 1887 et
929 1827 1177 1886 moriens
1203 1827 1321 1886 suis
1349 1826 1592 1905 profuit.
1634 1826 1807 1907 [144]
1840 1826 1948 1886 His
1972 1847 2043 1887 ac
2074 1828 2288 1889 talibus
2316 1846 2552 1889 suorum
2581 1830 2736 1890 easi-

522 1926 632 1986 bus
663 1924 912 1985 Romani
940 1914 1173 1985 tandem
1222 1925 1589 2003 praegravati,
1646 1925 1815 1984 coesis
1858 1924 2245 2004 quadraginta
2290 1946 2390 1985 sex
2440 1928 2735 1986 centurio-2

520 2022 694 2083 nibus
724 2043 796 2082 ac
827 2020 1109 2081 militibus
1150 2022 1555 2101 septingentis,
1604 2022 1806 2099 iniquo
1856 2023 2007 2082 colle
2056 2023 2417 2098 rejiciuntur.
2500 2023 2741 2084 Fuisset.

519 2119 659 2197 fuga
688 2119 916 2197 longior
940 2128 1001 2178 et
1039 2119 1250 2198 largior
1275 2118 1492 2191 caedes,
1534 2117 1596 2176 ni
1639 2117 2076 2196 prudentissimi
2118 2117 2288 2179 ducis
2317 2139 2390 2179 ex
2416 2121 2729 2191 sententia}

522 2217 805 2276 Romanae
862 2236 923 2275 se
978 2217 1254 2276 cobortes
1301 2216 1496 2276 Gallis
1543 2216 1986 2295 insequentibus
2030 2216 2431 2294 objecissent:
2474 2236 2733 2295 cumque

519 2313 594 2373 nd
642 2315 820 2392 plana
846 2311 1142 2393 fugiendo,
1189 2313 1574 2391 insequendo,
1622 2322 1800 2393 atque
1830 2313 2125 2374 obstando
2165 2324 2508 2393 perventum
2535 2324 2733 2385 esset}

519 2410 780 2490 legiones
807 2410 944 2490 ipsae
992 2410 1275 2471 instructa
1304 2410 1434 2470 acie
1463 2411 1719 2479 stabant,
1766 2410 1982 2490 quibus
2022 2409 2439 2471 animadversis
2482 2411 2731 2472 Vercin-

519 2509 768 2586 getorix,
791 2519 1107 2588 antequam
1139 2528 1201 2567 se
1229 2508 1413 2587 aequis
1444 2508 1591 2572 locis
1618 2508 1899 2580 crederet,
1928 2527 2064 2568 suos
2092 2508 2153 2567 in
2183 2517 2377 2568 castra
2399 2509 2731 2570 revocavitz

518 2607 649 2666 baec
677 2617 766 2666 est
817 2605 969 2684 legio
1016 2607 1089 2666 ad
1141 2607 1498 2684 Gorgonum
1531 2606 1681 2678 fusa,
1724 2607 1898 2684 cujus
1945 2605 2206 2667 meminit
2247 2606 2630 2685 Tranquillus
2669 2607 2731 2666 in

519 2703 712 2782 primo
743 2703 891 2763 inter
918 2713 1032 2763 tres
1062 2703 1199 2763 belli
1249 2703 1471 2763 Gallici
1514 2703 1893 2764 adversitates
1923 2706 2220 2764 Caesarcas
2247 2712 2569 2763 numerata.
2654 2703 2733 2763 Et

519 2800 635 2860 diei
665 2800 898 2878 quidem
945 2801 1098 2859 illius
1141 2799 1405 2877 reliquiae
1435 2799 1646 2858 sauciis
1677 2798 1950 2859 curandis
1978 2810 2083 2859 aut
2128 2798 2438 2859 humandis
2484 2801 2733 2886 mortuis

518 2905 576 2958 et
607 2898 745 2957 seris
776 2897 1146 2976 querimoniis
1176 2905 1313 2956 sunt
1340 2896 1693 2975 absumptae,
1720 2888 1843 2956 'ubi
1875 2897 1998 2957 dies
2026 2899 2325 2975 proximus
2350 2897 2564 2957 illuxit
2590 2911 2733 2960 eoni-

518 3004 732 3055 vocato
759 2994 830 3052 ad
862 2992 1208 3052 concionem
1225 2992 1490 3052 'exercitu
1523 2995 1725 3052 Caesar
1751 2994 1829 3052 ita
1860 2992 2148 3055 disseruit.
2233 3002 2252 3029 ‘
2274 2989 2524 3054 Habetis
2546 3005 2732 3056 temes-

519 3091 704 3151 rltatis
729 3109 767 3149 o
797 3091 1001 3149 milites
1029 3100 1090 3149 et
1116 3089 1407 3166 cupidinis
1445 3098 1653 3148 vestrm
1682 3089 1962 3162 fructum,
2009 3091 2204 3150 animo
2252 3101 2519 3150 moestum
2568 3107 2724 3164 meo,

517 3199 711 3248 vest-ra
765 3199 959 3248 tamen
999 3186 1244 3247 audacia
1289 3197 1466 3264 atque
1511 3187 1820 3246 insolentia
1863 3205 1979 3246 uon
2025 3171 2365 3266 indignum:
2410 3187 2515 3267 qni
2560 3189 2729 3248 vobis

515 3286 658 3366 ipsis
687 3285 832 3364 qnid
878 3284 1171 3364 agendum
1219 3281 1698 3360 linquendumve,
1758 3302 1878 3360 quo
1906 3284 2185 3354 eundum,
2244 3283 2401 3344 unde
2428 3285 2730 3345 abstinen-

520 3382 688 3454 dum,
741 3384 856 3444 boc
883 3372 989 3452 est,
1038 3391 1222 3442 totum
1255 3382 1428 3440 vestri
1477 3380 1645 3440 ducis
1671 3379 1928 3440 officium
1958 3381 2306 3459 usurpastis.
2388 3383 2575 3460 Atqui
2614 3393 2727 3462 ego

515 3492 725 3542 vestrae
753 3481 970 3539 militiae
993 3480 1092 3539 ubi
1122 3495 1357 3560 possum
1386 3477 1584 3537 faveo:
1619 3499 1719 3537 vos
1748 3479 1910 3548 mihi,
1934 3477 2094 3557 quod
2124 3479 2182 3536 in
2206 3478 2373 3537 vobis
2393 3488 2504 3548 est,
2532 3497 2724 3540 meum

515 3577 826 3655 imperium
867 3576 1194 3656 abrogastis
1223 3596 1238 3644 ;
1284 3575 1387 3654 qni
1417 3573 1646 3653 signum
1690 3575 1959 3654 receptui
1988 3596 2019 3634 n
2052 3596 2143 3634 me
2168 3575 2395 3645 datum,
2418 3576 2542 3654 qui
2573 3576 2727 3655 legn-

513 3685 734 3745 torum,
765 3675 882 3734 imo
906 3694 1064 3734 meos
1091 3694 1163 3733 ex
1189 3673 1418 3732 illorum
1450 3693 1551 3733 ore
1582 3674 1750 3733 utiles
1780 3673 2032 3732 monitus
2061 3673 2513 3750 contempsistis,
2542 3685 2725 3754 atque

515 3780 762 3849 urgente
789 3766 986 3830 nescio
1012 3790 1264 3849 quonam
1294 3770 1616 3829 animorum
1646 3770 1869 3847 impetu
1898 3769 2101 3840 ivistis,
2148 3769 2305 3828 unde
2332 3789 2441 3828 nec
2472 3770 2729 3832 redirent

520 3889 743 3941 omnes,
801 3889 989 3947 neque
1058 3869 1159 3948 qui
1201 3866 1473 3938 redirent,
1531 3875 1637 3926 aut
1692 3869 1932 3926 salutem
1985 3886 2169 3938 snam,
2227 3875 2331 3925 aut
2397 3868 2723 3929 Romanum

518 3966 701 4029 decus
728 3966 1012 4045 integrum
1044 3969 1089 4004 ⁵⁵
1108 3975 1478 4044 reporarent:
1526 3984 1598 4023 an
1627 3964 1977 4042 ignorabatis
2006 3974 2069 4023 ut
2098 3963 2292 4042 magni
2320 3984 2478 4043 saepe
2505 3967 2723 4027 exerci-

579 4183 648 4229 δ’
697 4180 873 4240 Forte,
905 4179 1056 4227 bam
1085 4178 1275 4241 premii
1305 4178 1731 4244 supplicium—68
1777 4179 1953 4245 Forte,
1992 4181 2383 4230 conum.—M
2428 4166 2610 4244 Forte,
2640 4181 2723 4229 τὰ

516 4261 807 4311 moret-56
843 4260 1003 4325 Lege,
1019 4265 1331 4324 reportas-ene.
