3017 4925
467 387 640 453 1814
1118 400 1179 450 J.
1225 396 1432 446 cnnsl
1480 395 2015 446 commen-mnu

471 553 1024 619 ”Vmeueduum
1051 552 1175 613 ”id
1206 551 1414 631 opido,
1441 548 1896 621 obsidebantur,
1944 558 2072 611 erat
2116 568 2349 621 unomen,
2398 568 2678 630 compor-

468 650 659 713 tandis
678 652 929 717 intentos
950 670 1270 730 aggressus,
1297 648 1633 708 Lucterium
1656 664 1911 708 seorsum
1933 651 2013 708 ita
2033 649 2159 709 acie
2180 648 2472 720 contudit,
2495 660 2561 710 ut
2578 651 2677 709 vix

470 770 543 811 eo
569 770 707 811 cum
729 751 1096 830 paucissimis
1121 749 1395 829 fugiente,
1419 749 1509 807 sui
1529 747 1607 807 ad
1628 768 1808 809 unum
1831 767 2032 808 omnes
2054 745 2445 809 caedeoentur:
2478 767 2677 826 neque

469 848 621 907 enim
654 866 988 927 quenquam
1017 848 1398 908 scelestorum
1447 848 1641 908 furum
1677 847 1924 908 Romani
1964 845 2177 906 milites
2218 845 2415 905 vivum
2462 864 2679 925 capere

471 944 881 1022 dignarentur:
924 955 1085 1005 tanta
1113 945 1366 1024 denique
1393 954 1613 1024 strages
1639 944 1753 1005 fuit
1782 954 1847 1002 ut
1867 962 1940 1003 ne
1970 961 2120 1002 unus
2148 941 2388 1021 quidem
2416 960 2680 1020 superes·

474 1052 578 1112 set,
624 1042 728 1120 qui
775 1043 857 1102 rei
905 1042 1146 1103 nuntius
1171 1043 1248 1103 ad
1278 1046 1637 1121 Drapentem
1670 1041 1800 1111 iret,
1828 1040 1931 1119 qui
1961 1049 2025 1099 ut
2052 1054 2198 1118 puto
2227 1058 2418 1098 rerum
2446 1040 2682 1098 nescius

473 1141 532 1197 iu
561 1138 765 1199 castris
791 1159 990 1219 agens,
1007 1151 1069 1200 et
1096 1139 1346 1201 fortasse
1376 1140 1599 1199 socium
1621 1148 1957 1217 expectans,
1980 1138 2176 1197 subito
2206 1137 2460 1196 bostium
2487 1136 2683 1195 incur-

475 1255 543 1293 su
572 1236 696 1313 pari
726 1248 916 1316 strage
945 1238 1172 1299 deletus
1199 1250 1320 1299 est:
1346 1241 1461 1299 boe
1485 1236 1764 1308 interfuit,
1796 1239 1957 1315 quod
1984 1235 2132 1295 alter
2149 1236 2267 1294 suis
2290 1226 2681 1313 pereuntibus

474 1332 720 1403 abierat,
769 1335 864 1394 hic
893 1335 952 1393 in
976 1355 1182 1395 manus
1211 1335 1466 1396 hostium
1496 1335 1663 1395 vivus
1694 1336 1877 1395 venit:
1923 1334 2245 1412 paucisque
2291 1343 2429 1411 post
2469 1330 2686 1392 diebus

475 1450 577 1491 seu
605 1429 809 1490 dolore
836 1433 1194 1511 captivitatis
1244 1433 1601 1493 et-sortunae
1638 1453 1745 1493 seu
1791 1427 1847 1471 ⁷⁶
1862 1429 2024 1502 odio,
2068 1450 2170 1489 seu
2219 1438 2380 1489 metu
2409 1429 2689 1509 supplicii

383 1530 396 1539 ‘
474 1527 769 1604 gravioris,
813 1540 1138 1607 spontanea
1167 1529 1284 1589 cibi
1313 1529 1508 1590 inedia
1536 1530 1714 1589 vitam
1743 1527 1950 1589 finivit.
2032 1527 2140 1587 His
2163 1526 2412 1586 feliciter
2431 1525 2689 1587 fortiter·

478 1642 593 1701 que
622 1644 728 1703 per
753 1625 973 1704 legatos
1003 1626 1198 1704 gestis,
1244 1628 1444 1686 Caesar
1483 1626 1688 1686 relicto
1735 1626 1795 1685 in
1837 1624 2161 1686 Bellovacis
2188 1626 2394 1685 Marco
2424 1625 2691 1685 Antonio

477 1740 613 1785 cum
641 1724 930 1801 praesidio,
973 1743 1046 1783 ne
1069 1724 1216 1802 quid
1245 1724 1380 1784 novi
1406 1724 1697 1784 tumultus
1723 1724 1992 1792 oriretur,
2036 1740 2145 1800 per
2184 1741 2243 1782 se
2288 1722 2480 1800 ipsum
2518 1724 2695 1784 urbes

477 1818 616 1879 alias
656 1820 883 1897 invisit:
942 1821 1322 1901 evocatisque
1365 1820 1443 1880 ad
1492 1820 1831 1880 concionem
1872 1820 2128 1898 populis,
2171 1820 2435 1881 oratione
2463 1821 2592 1881 miti
2619 1842 2691 1882 ac

479 1917 808 1995 magnifica,
852 1939 971 1999 qua
999 1920 1058 1979 in
1088 1940 1148 1979 re
1177 1920 1471 1999 principes
1492 1919 1751 1979 omnium
1782 1918 2109 1979 seculorum
2137 1919 2292 1990 vicit,
2320 1929 2382 1979 et
2408 1930 2695 1998 praestan·

479 2013 727 2074 tissimus
756 2027 1016 2076 oratores
1044 2018 1336 2096 aequsvitg
1388 2020 1575 2079 multa
1616 2018 1879 2096 undique
1926 2018 2268 2096 perturbata
2314 2019 2692 2095 composuit:

479 2132 610 2172 uani
639 2122 700 2173 et
727 2114 948 2175 amicos
996 2119 1048 2154 ⁷⁷
1070 2117 1165 2175 illa
1214 2118 1379 2188 ravit,
1421 2128 1484 2178 et
1531 2118 1729 2178 hostes
1758 2115 2033 2196 placavit,
2074 2125 2134 2175 et
2174 2114 2390 2177 dubios
2415 2114 2693 2186 firmavit,

479 2208 748 2287 dejectos
782 2212 834 2248 '¹⁸
855 2213 1045 2291 eripit,
1083 2224 1145 2274 et
1171 2225 1408 2274 moestos
1436 2233 1508 2273 ac
1537 2214 1785 2293 pavidos
1804 2213 2141 2274 consolatus
2168 2222 2277 2271 est.
2306 2211 2480 2289 [167]
2533 2214 2699 2273 Inter

481 2316 727 2366 caeteros
757 2310 1012 2389 populos
1041 2330 1179 2371 cum
1209 2312 1499 2371 Carnutes
1526 2310 1786 2381 adiisset,
1831 2308 1986 2370 unde
2016 2321 2080 2371 ut
2107 2307 2363 2368 diximus
2391 2308 2577 2368 malta
2609 2328 2697 2368 re-

486 2404 658 2464 bellio
686 2417 819 2467 orta
844 2419 987 2480 erat,
1032 2409 1299 2488 cogitans
1327 2428 1430 2469 eos
1458 2409 1593 2488 plus
1621 2408 1849 2468 caeteris
1877 2408 2149 2468 omnibus
2189 2413 2428 2486 propter
2453 2405 2701 2468 offensae

484 2504 906 2565 conscientiam
936 2506 1267 2579 formidare,
1310 2528 1446 2568 mox
1496 2520 1564 2569 ut
1609 2508 1808 2568 urbem
1851 2506 2065 2585 attigit,
2108 2505 2531 2583 conjurationis
2555 2525 2702 2566 auc-

480 2609 666 2660 torem
708 2604 1177 2665 ⁷⁹Gutturarium
1224 2604 1610 2685 depoposcit:
1659 2605 1709 2665 is
1760 2605 1999 2684 vulgato
2030 2623 2189 2663 more
2242 2603 2566 2675 hominnm,
2598 2604 2701 2683 qui

482 2697 729 2758 libenter
757 2721 1070 2762 commune
1096 2704 1356 2764 omnium
1384 2704 1711 2782 periculum
1742 2701 1916 2762 unius
1944 2701 2003 2760 in
2031 2711 2215 2781 capnt
2238 2712 2497 2772 vertunt,
2536 2721 2699 2781 quae-

484 2795 628 2862 situs
656 2815 692 2854 a
718 2799 944 2875 populo
970 2800 1282 2878 diligenter
1306 2809 1369 2859 et
1393 2799 1667 2859 inventus
1704 2819 1841 2858 cum
1880 2798 1955 2858 ad
2010 2817 2143 2857 eum
2188 2798 2483 2858 adductus
2526 2810 2699 2871 esset,

485 2895 597 2954 vim
624 2907 847 2955 naturai
877 2916 1000 2955 suoe
1028 2897 1230 2955 Caesar
1256 2896 1488 2961 attulit:
1537 2905 1719 2972 utque
1754 2895 1922 2954 unius
1952 2895 2245 2973 supplicio
2284 2903 2446 2954 metu
2495 2914 2700 2956 omnes

484 2991 831 3063 absolveret,
875 2994 1038 3053 illum
1066 3013 1104 3052 a
1129 3013 1252 3071 quo
1279 2991 1494 3053 damna
1536 3005 1593 3053 et
1645 2994 1792 3052 mala
1834 2993 2029 3053 omnia
2072 2992 2356 3053 exercitui
2389 2992 2550 3052 illata
2576 3011 2706 3052 om-

485 3088 645 3148 nium
675 3109 789 3148 una
820 3108 966 3149 voce
994 3091 1324 3161 constabat,
1357 3089 1605 3150 militum
1635 3090 1775 3150 odio
1815 3091 2101 3170 permisit,
2143 3099 2204 3149 et
2249 3091 2437 3150 securi
2475 3091 2705 3169 percuti

484 3204 690 3263 passus
744 3195 849 3247 est.
948 3187 1169 3248 Caesari
1229 3187 1390 3265 apud
1446 3188 1732 3247 Carnutes
1783 3187 1977 3267 agenti
2030 3187 2237 3247 litterae
2289 3185 2618 3247 redduntur
2671 3206 2706 3246 a

489 3283 715 3343 Cannio
759 3283 969 3362 legato,
1001 3282 1078 3343 de
1119 3294 1305 3362 strage
1335 3283 1612 3355 hostium,
1658 3286 2037 3364 Lucteriiquo
2076 3286 2211 3364 suga
2258 3295 2320 3346 et
2362 3284 2709 3363 captivitate

488 3381 826 3460 Drappetis,
852 3380 1087 3460 insuper
1117 3391 1179 3441 et
1204 3382 1284 3441 de
1307 3381 1694 3459 opidanorum
1725 3381 2075 3442 immutabili
2105 3383 2430 3461 proposito,
2460 3382 2564 3460 qui
2592 3401 2706 3441 nec

487 3477 706 3538 ducum
749 3490 982 3550 eventu,
1013 3500 1125 3540 nec
1153 3480 1445 3541 exercitus
1480 3480 1887 3540 flecterentur:
1930 3501 2067 3559 quae
2097 3499 2210 3549 res,
2235 3481 2343 3539 etsi
2384 3479 2708 3539 admodum

486 3594 683 3652 parva,
714 3577 968 3637 animum
999 3577 1170 3638 ducis
1199 3579 1376 3638 movit
1401 3602 1417 3649 ;
1465 3598 1540 3637 ne
1568 3577 1799 3637 seilicet
1824 3597 2003 3637 unum
2033 3577 2278 3656 opidum
2311 3578 2509 3636 multis
2551 3577 2709 3636 urbi-

490 3671 602 3731 bus
630 3684 1034 3751 argumentum
1061 3687 1233 3746 esset,
1263 3695 1382 3736 non
1426 3677 1536 3735 sibi
1575 3677 1974 3755 superioribus
2004 3676 2170 3734 bellis
2208 3674 2281 3733 ad
2311 3674 2711 3734 defensionem

485 3767 788 3840 libertatis,
838 3780 957 3830 tam
1002 3775 1326 3850 potentiam
1355 3793 1537 3852 quam
1582 3773 1967 3832 constantiam
2012 3771 2305 3831 defuisse:
2345 3779 2407 3829 et
2447 3770 2711 3848 potuisse

487 3865 661 3926 urbes
694 3868 897 3937 teneri,
925 3886 1058 3925 cum
1083 3868 1264 3946 opida
1290 3879 1664 3928 tenerentur:
1709 3868 1861 3928 hanc
1903 3868 2235 3947 opinionem
2276 3865 2705 3944 extirpamdam,

484 3982 558 4022 ne
586 3981 704 4041 qua
732 3961 884 4022 sorte
915 3965 1312 4024 novandarum
1344 3985 1535 4024 rerum
1564 3985 1690 4024 esse
1714 3976 1915 4043 posset
1937 3965 2209 4033 occasi03
2254 3975 2309 4022 et
2333 3964 2705 4023 obsessorum

550 4145 616 4190 74
651 4142 810 4206 Lege,
856 4143 1344 4193 UerIodanume—75
1379 4144 1540 4209 Lege,
1574 4143 1652 4208 (id
1671 4143 1857 4208 oppido,
1890 4158 1977 4207 quo
1999 4140 2347 4203 obsidebantur,
2385 4145 2487 4190 erat
2521 4137 2711 4204 nomen)

486 4217 832 4286 &mim-caudis
873 4224 1136 4284 frumentis
1170 4225 1528 4274 intentam—76
1571 4225 1732 4288 Lege,
1777 4224 2067 4275 ewulm—77
2124 4221 2284 4286 Lege,
2323 4220 2711 4272 hilaravit—78

490 4303 667 4368 Forte,
684 4307 987 4358 erata—79
1011 4307 1336 4358 Getica-avam
1358 4313 1440 4358 est
1463 4307 1516 4356 in
1542 4308 1769 4358 Caesare.
