3017 4925
982 387 1047 441 c.
1089 384 1296 439 :nnn
1337 384 1696 438 casinis.
2277 370 2455 444 m
2512 386 2515 391 ·

336 536 600 603 ducalem
623 537 1029 603 Secretarium.
1114 538 1371 617 Adjeeta
1409 547 1548 600 sunt
1592 542 1669 601 A.
1702 538 1891 601 Hir-03
1931 546 2037 600 ant
2077 540 2224 620 Opii
2268 543 2453 607 Com·

331 639 734 700 mentatiornm
761 638 836 699 de
865 638 1022 698 bello
1052 638 1316 717 Hispano
1340 638 1473 698 libri
1505 655 1599 701 ιν.
1621 652 1688 698 v.
1710 652 1813 699 Π.
1839 649 1900 699 et
1926 638 2075 698 liber
2098 647 2351 701 octavus
2362 641 2447 703 de

281 780 293 797 2
334 734 481 797 bello
509 737 920 799 Gallione-ln
950 735 1091 796 fine:
1139 738 1348 796 ‘Anno
1393 735 1615 797 Christi
1653 751 2157 797 Mccccmtxvu.
2188 737 2284 798 die
2310 759 2449 800 vero

330 847 397 893 x.
424 834 640 909 merisis
669 834 965 895 Februarii
1013 836 1127 894 hoe
1177 854 1330 913 opus
1379 834 1687 913 diligenter
1730 833 2129 907 emendatum,
2160 838 2451 899 Antonius

327 927 602 991 Zarothus
628 932 976 1001 Parmensis,
1008 931 1187 1009 hujus
1215 931 1518 1010 praeelarae
1545 932 1684 991 artis
1727 931 2013 1011 Magister
2045 933 2449 1011 politissimus,

330 1044 497 1106 qnam
553 1028 810 1089 maxima
861 1028 1057 1108 potuit
1107 1028 1407 1109 diligentia
1449 1029 1788 1108 impressit!
1866 1029 2178 1108 Sequitur:
2224 1033 2451 1095 ‘Index

325 1126 886 1188 Commentariorum
916 1127 986 1187 C.
1015 1127 1050 1186 J
1057 1126 1159 1186 ulii
1189 1126 1438 1188 Caesaris
1463 1135 1528 1187 et
1552 1146 1752 1187 earum
1778 1136 1995 1200 rerum,
2026 1148 2175 1209 quas
2202 1130 2277 1191 ad
2307 1151 2452 1213 eog-

323 1222 601 1285 nitiouem
628 1225 904 1297 Urbium,
934 1223 1262 1284 Fluminum
1303 1231 1364 1285 et
1409 1224 1727 1296 Locorum,
1771 1226 1859 1286 vir
1899 1227 2252 1287 clarissimus
2294 1229 2456 1310 Ray-

319 1320 569 1382 mundus
627 1322 949 1383 Merlisnus
1005 1321 1245 1394 invenit,
1301 1330 1483 1401 atque
1536 1322 2133 1386 edidit.'-Maittair.
2188 1344 2254 1405 p.
2301 1332 2445 1395 374.

323 1417 540 1479 Panzer
562 1420 642 1480 T.
675 1435 756 1480 11.
785 1439 848 1498 p.
879 1427 981 1481 28.

259 1522 396 1585 1478
436 1514 895 1576 Mediolanensis
927 1532 1007 1576 11.
1050 1514 1157 1576 fol.
1202 1516 1276 1577 C.
1317 1514 1458 1577 Julii
1486 1514 1737 1577 Caesaris
1765 1516 2186 1577 commentarii
2232 1520 2331 1595 (ex
2356 1537 2451 1579 re-

317 1631 472 1674 eens.
520 1613 682 1675 Petri
725 1613 940 1675 Justini
987 1612 1331 1692 philelphi.)
1367 1613 1440 1673 In
1487 1612 1636 1675 fine:
1680 1622 1700 1653 ‘
1725 1617 1899 1674 Anno
1937 1613 2155 1675 Christi
2196 1628 2454 1677 Μοῦσο-

269 1752 274 1757 -
321 1722 621 1772 Lxxvnr.
667 1720 836 1772 sexto
881 1711 1026 1772 Idus
1055 1711 1285 1789 Apriles
1317 1711 1625 1791 Philippus
1674 1711 1974 1790 [anagnia
2016 1712 2453 1775 Commenta-ia

319 1807 560 1869 Caesaris
585 1808 844 1887 imprimi
866 1808 1009 1871 fecit
1050 1809 1418 1872 Mediolani?
1497 1809 1779 1889 Sequitur
1806 1808 2146 1889 Raymundi
2173 1809 2448 1872 Marliaifi

317 1902 498 1965 Index
524 1905 1116 1967 rerum.—Maittair.
1143 1926 1208 1987 p.
1238 1914 1381 1977 378.
1423 1907 1646 1969 Panaer
1669 1907 1753 1971 T.
1776 1923 1856 1967 11.
1882 1926 1947 1987 p.
1977 1917 2080 1971 31.
2107 1927 2201 1988 sq.

253 2008 393 2063 1480
429 2001 768 2063 Tarvisina.
812 2000 919 2063 fol.
949 2023 1000 2063 s.
1028 2012 1090 2063 4.
1144 2003 1217 2064 C.
1257 2004 1401 2067 Julii
1445 2005 1694 2067 eat-saris
1722 2004 2139 2067 commentarii
2183 2005 2260 2068 de
2287 2004 2447 2068 bello

316 2098 549 2161 Gallico
575 2099 719 2160 libri
745 2115 871 2163 vu.
943 2100 1044 2163 De
1066 2100 1223 2162 bello
1251 2102 1409 2163 civili
1433 2103 1570 2165 libri
1598 2118 1712 2167 111.
1791 2103 1928 2166 Auli
1965 2103 2143 2165 Hirtii
2169 2111 2278 2165 aut
2304 2102 2447 2185 opii

316 2195 750 2259 Commentaria
781 2196 858 2259 de
896 2199 1065 2261 bellis
1103 2200 1519 2275 Alexandrino,
1570 2201 1941 2278 Hispaniensi
1976 2199 2282 2263 etAfrieo
2308 2200 2446 2263 libri

317 2308 408 2355 nr.
455 2308 522 2355 ν.
567 2303 635 2355 et
679 2311 780 2359 vr.
827 2295 1194 2376 recognitor-e
1241 2298 1609 2379 Hieronymo
1636 2298 1903 2361 Bononio
1947 2297 2290 2360 Tarvisano.
2370 2299 2446 2359 ln

315 2388 469 2457 line:
539 2399 559 2428 ⁸
591 2393 1157 2459 Commentariorum
1211 2394 1290 2456 de
1347 2395 1502 2456 bello
1565 2393 1804 2455 Gallico
1857 2392 2033 2455 Civili
2087 2394 2450 2475 Pompeiano

314 2489 716 2552 Alexandrino
768 2490 1168 2571 Hispaniensi:
1211 2501 1273 2554 et
1327 2491 1532 2556 Africo
1587 2490 1737 2553 liber
1777 2491 2017 2552 ultimus
2064 2490 2233 2556 finit:
2276 2494 2448 2564 Quos

291 2585 574 2654 'Miebsel
631 2588 1006 2650 Mausolinus
1058 2590 1386 2652 Parmensis
1438 2589 1836 2650 Librariorum
1878 2588 2289 2652 solertissimus
2335 2607 2446 2651 suo

315 2695 552 2763 sumptu
591 2683 718 2746 fieri
741 2687 967 2749 curavit
987 2688 1241 2752 Tarvisii
1264 2692 1443 2750 Anno
1467 2686 1695 2750 Gratiae
1725 2702 2179 2750 Mccccnxxx.
2250 2685 2446 2750 Pridie

316 2777 622 2843 Kalendas
667 2783 985 2852 Quintilis:
1063 2787 1344 2866 Sequitur
1390 2785 1658 2866 Epistola
1700 2785 1941 2847 editoris
1990 2786 2066 2847 ad
2116 2784 2440 2848 Antonium

267 2949 282 2964 ·
315 2878 597 2940 Zoianum
652 2880 1065 2941 Vincentinum
1084 2904 1101 2952 3
1156 2883 1408 2944 Carmen
1463 2882 1733 2961 ejusdem
1789 2881 2038 2946 Bononii
2089 2883 2161 2944 irs
2204 2882 2444 2945 laudem

312 2973 598 3046 Caesaris:
642 2976 842 3038 tabula
872 2977 1204 3057 Rnymundi
1235 2979 1711 3042 Marliani.-De
1736 2997 1868 3044 rara
1896 2980 2008 3048 hae
2036 2978 2291 3044 editione
2318 2979 2446 3041 vid.

311 3072 551 3134 Go'etzii
597 3074 781 3138 Mem.
829 3072 980 3140 bibl.
1028 3075 1344 3139 Dresdens.
1377 3093 1425 3138 1.
1452 3094 1514 3155 p.
1553 3086 1689 3142 154.
1745 3077 1843 3140 cf.
1890 3077 2174 3139 Maitteir.
2204 3098 2271 3159 p.
2298 3075 2444 3144 406.

310 3168 537 3233 Panzer
566 3172 645 3231 T.
677 3187 790 3233 111.
818 3192 882 3252 p.
909 3180 1013 3244 37.
1056 3172 1286 3238 Harles.
1315 3174 1374 3236 iu
1402 3174 1609 3256 Suppl.
1636 3173 1713 3236 ad
1743 3176 1914 3236 Brev.
1942 3174 2087 3236 Not.
2116 3173 2233 3238 Lit.
2263 3174 2439 3238 Rom.

313 3265 380 3326 Ρ.
403 3281 454 3329 1.
479 3287 544 3346 p.
574 3267 717 3337 267.

247 3373 390 3429 1482
430 3367 664 3428 Veneta
693 3384 772 3431 n.
812 3366 916 3432 501.
945 3367 1128 3432 Char.
1161 3387 1307 3432 rom.
1332 3388 1514 3432 crass.
1556 3377 1575 3404 ‘
1596 3371 1669 3433 C.
1695 3372 1732 3432 J
1738 3369 1841 3432 ulii
1867 3368 2114 3432 Caesaris
2139 3386 2442 3432 commen-

313 3464 595 3528 tariorum
637 3465 715 3527 de
742 3464 899 3530 bello
925 3465 1141 3546 gamen
1166 3465 1304 3530 libri
1329 3482 1457 3530 vn.
1487 3486 1623 3530 cum
1651 3464 2051 3530 additionibus
2080 3462 2290 3527 Hireii.
2316 3464 2439 3527 Jul.

309 3560 477 3624 Ces:
520 3573 921 3628 commentar:
975 3562 1238 3626 debello
1266 3563 1426 3628 civili
1455 3564 1587 3626 libri
1615 3580 1726 3626 ιιι.
1793 3562 1877 3624 Α.
1913 3560 2090 3624 Hirtii
2136 3569 2243 3624 aut
2288 3561 2439 3642 opii

251 3675 262 3684 ·
312 3671 706 3726 commentar:
747 3661 822 3724 de
852 3661 1008 3726 bello
1037 3661 1368 3726 Alexandr:
1408 3662 1560 3724 liber
1599 3677 1695 3723 ιν.
1779 3659 1953 3722 Hirtii
1976 3667 2081 3721 aut
2106 3659 2254 3740 Opii
2280 3679 2442 3724 eom-

312 3769 574 3823 menter:
617 3759 691 3822 de
737 3759 892 3824 bello
937 3758 1150 3824 Afric:
1194 3760 1344 3824 liber
1368 3775 1433 3822 V.
1516 3758 1693 3820 Hirtii
1731 3765 1834 3822 aut
1873 3757 2015 3839 Opii
2041 3766 2437 3821 commentar:

313 3851 388 3913 de
417 3854 578 3918 bello
605 3856 853 3937 hispan:
895 3856 1041 3920 liber
1067 3860 1184 3920 vil
1264 3858 1417 3922 Hoee
1451 3857 1514 3920 iu
1554 3857 1766 3920 fronte.
1848 3858 1920 3918 ln
1963 3855 2108 3924 fine:
2153 3858 2443 3938 ‘Impres-

315 3968 442 4011 sum
489 3953 754 4014 venetiis
797 3973 979 4034 opera
1022 3965 1086 4016 et
1129 3955 1403 4035 expensis
1447 3954 1759 4020 Octaviani
1805 3955 1969 4019 Scoti
2015 3954 2438 4018 Modoetiensis

319 4063 831 4114 xceccnxxxu.
876 4067 1010 4114 ΧΠ.
1053 4052 1351 4116 Kalendas
1391 4052 1797 4132 Septembris.
1889 4052 2173 4131 Sequitur
2209 4050 2436 4111 ‘ludex

315 4142 886 4212 Consuant-riorum
918 4151 993 4211 C.
1017 4150 1052 4210 J
1059 4149 1158 4216 ula
1183 4150 1435 4214 Caesaris
1459 4159 1523 4212 et
1547 4171 1748 4214 mum
1775 4169 1989 4222 rerum,
2014 4167 2163 4228 quas
2188 4147 2275 4208 ad
2294 4167 2436 4227 eog-

316 4241 594 4307 nitionem
655 4245 887 4310 urbium
951 4256 1015 4310 et
1057 4247 1365 4313 fluminum
1417 4259 1481 4313 et
1520 4251 1788 4313 locorum
1837 4248 1927 4311 vir
1964 4244 2318 4308 clarissimus
2370 4253 2437 4305 et
