3017 4925
946 453 1022 506 c.
1071 454 1277 506 mnu
1322 453 1679 505 cesama.
2259 443 2439 511 m

249 642 258 654 ·
316 595 481 668 Cum
508 601 583 667 in
608 598 1175 672 dissertatiuncula
1202 600 1527 667 deCodd.
1544 600 1784 685 Virgil.
1810 620 1935 668 nos
1957 599 2129 688 Ang-
2144 608 2227 670 et
2255 602 2422 672 ffib.

242 703 628 792 catalogum
671 710 935 771 secutos
983 725 1135 770 esse
1175 693 1652 789 profiteremur,
1689 704 2013 771 monitum
2039 706 2249 772 fuisse
2291 709 2436 774 vel·

238 809 435 886 lemus
452 806 824 890 Lectorem,
856 807 945 873 ad
975 807 1398 874 oxonienses
1423 827 1548 874 nos
1573 808 1986 894 respexisse3
2032 810 2281 895 quippe
2306 829 2438 877 non

238 909 489 1002 ignaros
532 910 840 989 eundem,
889 908 1069 994 quod
1096 909 1184 976 ad
1215 908 1787 994 Cantabrigienses
1832 917 2116 996 spectet,
2153 913 2441 980 multum

238 1012 573 1094 defecisse,
628 1013 712 1079 de
757 1013 1044 1080 Scoticis
1093 1012 1259 1078 nihil
1313 1018 1626 1093 tentasse,
1677 1018 1746 1079 et
1798 1013 1884 1079 de
1929 1013 2109 1082 Mus.
2158 1014 2439 1098 Britan,

236 1121 501 1204 propter
541 1123 829 1202 tempuS,
886 1115 1050 1186 nihil
1093 1116 1333 1183 docere
1400 1118 1725 1201 potuisse.
1821 1115 2048 1196 Quod
2071 1118 2160 1183 ad
2212 1117 2438 1186 Oxou.

236 1217 412 1286 inum
434 1226 616 1285 certe
647 1221 863 1290 secuti
891 1239 1120 1286 sumus
1147 1215 1408 1299 ducem,
1452 1225 1530 1286 ut
1578 1220 1696 1303 qui
1716 1220 2212 1286 celeberrimam
2256 1216 2442 1288 illam

236 1317 674 1390 Academiam
712 1342 847 1388 non
894 1342 1107 1408 nuper
1146 1322 1253 1409 (ut
1301 1324 1489 1403 olim)
1528 1323 1666 1408 ipsi
1704 1324 2098 1403 viseramus,
2133 1339 2272 1389 nec
2305 1319 2441 1408 qu'o

237 1428 521 1507 tempore
549 1430 849 1491 nostram
884 1426 1438 1494 narratiunculam
1464 1426 2012 1506 contexebamus,
2040 1428 2258 1492 visere
2283 1443 2443 1511 pos-

238 1544 467 1604 semus.
488 1545 503 1550 ·
544 1526 735 1594 Hinc
763 1527 861 1593 illi
882 1527 1201 1596 defectus.
1270 1526 1640 1610 Gatalogus
1665 1529 1838 1613 ipse,
1869 1528 2172 1613 plurimis
2200 1527 2440 1594 abhinc

239 1630 417 1696 annis
462 1635 807 1708 exaratus,
850 1650 941 1694 ex
986 1649 1127 1716 quo
1173 1638 1464 1715 ternpore
1519 1627 1748 1695 Codd:
1775 1631 1892 1695 alii
1933 1629 2167 1714 Virgil.
2198 1629 2446 1716 adjecti

238 1735 400 1811 sunt,
426 1735 531 1811 (nt
559 1737 668 1797 est
694 1739 954 1802 naturae
996 1733 1169 1800 tanti
1219 1734 1483 1813 cimelii,
1518 1734 1686 1804 adeo
1721 1733 1959 1811 dotati,
2003 1732 2217 1799 indies
2264 1750 2442 1797 cres-
2575 1759 2582 1766 ·

240 1830 409 1917 cere)
432 1853 525 1899 ex
550 1836 949 1902 necessitate
985 1835 1245 1906 tandem
1280 1835 1561 1912 multum
1588 1835 1940 1902 defecerat.
2018 1834 2444 1900 Bibliotheca

240 1932 428 2016 Bodl.
478 1938 661 2016 alios
687 1938 1017 2023 quosdam
1071 1937 1244 2006 Mss.
1292 1938 1488 2006 codd.
1533 1936 1773 2022 Vir-gil.
1814 1958 1936 2023 pro
1973 1939 2114 2005 suis
2146 1936 2292 2022 jam
2329 1955 2444 2002 ac·

238 2046 535 2121 ceperat:
584 2060 713 2106 nec
738 2041 977 2106 mirum
1025 2061 1174 2106 esse
1206 2039 1538 2120 videatur,
1587 2043 1671 2121 si,
1723 2042 2062 2107 duetorem
2100 2041 2215 2125 qui
2260 2038 2444 2105 clan-

242 2137 482 2207 dicaret
527 2143 1056 2221 secuti,'nosmet
1081 2142 1215 2227 ipsi
1247 2143 1668 2210 claudicasse
1696 2145 2159 2210 inveniremur.

320 2241 541 2309 Nobis
569 2246 790 2329 igitur,
820 2265 977 2311 cum
1001 2246 1069 2310 in
1100 2245 1379 2314 calculis
1406 2246 1651 2312 nostris
1679 2245 1763 2310 de
1796 2245 2009 2311 codd.
2039 2244 2239 2311 Bodl.
2277 2246 2449 2312 intra

243 2362 368 2412 rem
391 2350 744 2430 egerimus,
774 2354 848 2413 ut
867 2349 1014 2433 jam
1039 2347 1358 2425 diximus,
1390 2347 1648 2414 Lector-
1674 2347 2030 2425 candidus,
2059 2347 2224 2412 nihil
2253 2346 2448 2413 dubi-

242 2451 470 2532 tamus,
501 2450 706 2517 facile
753 2451 1182 2518 condonabit.
1270 2450 1518 2517 Veniat
1545 2449 1766 2517 forsan
1814 2454 2099 2534 teman,
2142 2449 2204 2514 si
2247 2449 2448 2515 modo

239 2551 369 2647 vita
395 2554 706 2639 supersit,
736 2557 802 2619 et
831 2554 1013 2620 Diva
1040 2550 1242 2619 Salus
1272 2553 1519 2632 faveat,
1551 2572 1705 2638 quo,
1749 2551 1811 2617 si
1844 2550 2164 2636 quiddam
2187 2550 2448 2617 defece-

242 2651 462 2737 rimus,
492 2677 812 2722 conemur
837 2657 1136 2723 defectus
1163 2660 1451 2733 nostroS,
1482 2659 1802 2739 quantum
1833 2653 2263 2738 potuerimus,
2285 2671 2448 2737 sup-

240 2754 447 2836 plere:
520 2765 615 2839 et,
688 2760 747 2824 si
814 2761 1042 2826 vineta
1099 2765 1330 2825 nostra
1394 2758 1659 2843 penitus
1703 2756 1977 2822 ‚caedere
2035 2775 2165 2820 non
2227 2753 2442 2833 detur,

241 2855 500 2926 frutices
571 2863 805 2927 saltem
869 2860 1077 2927 nostri
1142 2866 1505 2945 augeantur
1568 2858 1892 2937 durande,
1960 2858 2311 2942 laetiusque
2377 2871 2450 2921 se

244 2970 478 3041 gerant.
574 2963 833 3029 Sensim
883 2983 988 3030 res
1037 2971 1373 3030 crescunt:
1440 2968 1507 3028 et
1549 2982 1700 3047 quae
1752 2962 1983 3029 oculos
2023 2959 2452 3044 vigilantissi-

245 3079 377 3128 mos
403 3085 542 3133 uno
572 3071 864 3152 tempore
910 3067 1254 3151 effugiant,
1296 3067 1428 3132 alio
1456 3085 1651 3152 paene
1697 3064 2205 3141 somniantibuS,
2255 3062 2454 3147 quasi

245 3174 492 3249 sponte,
536 3189 614 3233 se
652 3170 867 3235 solent
894 3170 1145 3236 offerre.
1236 3169 1459 3234 Nobis
1487 3169 1691 3252 igitur
1717 3168 1785 3232 in
1832 3166 2175 3252 proposito
2221 3169 2345 3244 est,
2393 3161 2454 3229 si

245 3267 393 3334 talia
414 3289 489 3336 se
510 3273 879 3357 praebeant,
910 3272 1106 3341 avide
1127 3273 1440 3357 arripere,
1461 3277 1530 3336 et
1553 3270 1784 3336 sedulo
1804 3275 2033 3334 notare
2055 3289 2073 3348 3
2121 3267 2313 3351 sique
2338 3264 2448 3330 vel

246 3366 309 3433 in
334 3375 697 3460 principio,
727 3378 835 3441 vel
867 3378 933 3441 in
962 3396 1325 3461 progressu
1353 3377 1602 3461 operiS,
1634 3374 1901 3440 codices
1935 3372 2055 3436 ulli
2081 3371 2151 3435 in
2195 3368 2448 3434 Biblio-

247 3471 443 3542 thecis
503 3479 913 3545 Britannicis
955 3480 1228 3544 latentes
1269 3479 1533 3545 intuitui
1579 3482 1808 3541 nostro
1859 3493 1933 3538 se
1982 3470 2443 3546 subduxerint,

248 3576 348 3641 vel
392 3599 478 3646 ex
526 3582 848 3653 memoria
873 3581 1402 3665 subterfugerint,
1433 3598 1589 3644 cum
1634 3596 1759 3661 pro
1797 3576 2042 3641 nostris
2069 3571 2450 3639 vindicave-

250 3676 769 3761 rimus,‚eosdem
791 3684 861 3749 in
887 3684 1182 3751 ordinem
1206 3683 1504 3749 redactos
1529 3681 1651 3745 sub
1673 3677 1870 3742 finem
1890 3694 2251 3741 recensere.
2299 3671 2449 3739 Nee

252 3779 362 3845 abs
407 3805 479 3851 re
526 3806 872 3872 speramus
898 3786 1062 3866 fore,
1103 3784 1393 3871 praefari,
1423 3784 1482 3848 si
1512 3782 1638 3846 viri
1681 3778 1885 3857 docti,
1926 3778 2110 3843 hisce
2139 3777 2211 3841 in
2250 3776 2452 3842 rebus

254 3888 504 3969 versati,
536 3909 662 3954 nos
689 3889 798 3954 vel
825 3890 1208 3967 titubantes,
1239 3888 1348 3953 vel
1372 3891 1689 3964 errantes,
1718 3883 1826 3949 vel
1856 3883 2084 3966 aliquo
2110 3878 2312 3946 modo
2341 3878 2451 3941 de·

254 3980 561 4070 ficientes,
579 3990 1143 4076 deprehenderint,
1163 3991 1503 4074 digitoque
1528 3986 1953 4054 monstrarint
1969 4002 2105 4069 quo
2122 3982 2365 4046 rectius
2386 3981 2455 4043 in

259 4084 361 4153 via
382 4091 783 4173 incedamus,
829 4099 897 4160 et
941 4113 1045 4172 ea,
1077 4100 1231 4178 qu'ae
1284 4091 1698 4176 indagemus,
1734 4088 1977 4154 certius
2015 4083 2450 4158 inveniamus,

257 4182 765 4261 benevolentiam
793 4197 862 4261 in
891 4197 1077 4283 ipsos
1106 4196 1493 4263 translatam
1521 4195 1685 4274 fore,
1724 4197 1793 4259 et
1841 4192 1964 4257 n'os
2008 4191 2193 4273 grato
2232 4184 2452 4253 animo

263 4302 654 4379 accepturos.
2451 4324 2458 4337 ·
