3017 4925
526 357 701 432 175⁶
1168 373 1232 426 ³.
1279 373 1490 425 cnnst
1535 371 2073 424 connum-Amr

530 531 702 616 laoste
728 521 956 610 perfido
984 548 1054 589 ac
1072 536 1323 599 versuto,
1348 527 1449 588 sed
1481 545 1518 587 a
1546 526 1833 607 prudente
1858 536 1918 586 et
1934 525 2058 586 fido
2079 523 2272 586 amico
2287 524 2489 606 aliquo
2515 509 2730 600 datum

528 631 701 690 esset.
786 627 987 688 Securi
1012 635 1205 686 autem
1237 624 1486 685 Sabinus
1513 637 1573 685 et
1600 625 1703 704 qui
1732 643 1853 685 suae
1882 623 2185 684 sententiae
2214 623 2463 685 fuerant.
2543 626 2731 686 Cotta

528 735 725 785 autem
752 734 812 784 et
839 722 941 803 qui
970 742 1169 782 secum
1200 734 1497 783 senserant
1527 723 1751 783 fraudis
1801 721 2011 782 ¹⁷uliud
2050 722 2287 781 subesse
2315 719 2478 782 taciti
2504 721 2735 798 cogitn-

532 821 712 882 bant:
758 821 943 881 hostis
972 819 1256 899 proditor,
1286 822 1387 900 qui
1434 820 1733 881 nocturnis
1782 819 2009 900 vigiliis,
2041 831 2102 879 et
2128 818 2374 878 confuso
2403 827 2734 880 castrorum

532 937 828 978 murmure
857 917 1041 977 ituros
1070 937 1238 979 mane
1268 919 1664 998 praesagiebat,
1695 938 1805 979 nec
1835 917 1998 997 quod
2026 916 2165 977 ituri
2192 923 2385 977 essent
2411 913 2734 976 dubitabat

528 1013 609 1073 nd
637 1013 965 1094 proximam
992 1014 1219 1076 scilicet
1264 1015 1570 1095 legionem,
1602 1024 1901 1094 oportuno
1935 1035 2038 1075 eos
2082 1014 2142 1072 in
2186 1014 2323 1072 loco
2348 1012 2727 1090 expectabat.

532 1109 673 1172 Erat
698 1111 804 1171 viae
836 1112 1032 1172 medio
1059 1111 1268 1190 procul
1294 1131 1329 1172 a
1356 1111 1559 1172 castris
1588 1112 1662 1172 ad
1694 1110 1817 1170 duo
1845 1110 2000 1169 milia
2027 1127 2308 1188 passuum
2337 1108 2502 1168 vallis
2529 1123 2735 1168 nemo·

532 1226 665 1268 rosa
692 1228 763 1269 ac
793 1209 1071 1270 difficilis:
1114 1208 1231 1268 illic
1259 1209 1482 1270 locarat
1511 1209 1779 1270 insidias:
1821 1229 1956 1268 cum
1985 1208 2043 1266 in
2071 1227 2198 1267 eam
2229 1206 2436 1265 vallem
2466 1207 2734 1266 Romana

533 1304 688 1366 acies
715 1305 1131 1376 descendisset,
1172 1292 1364 1367 hostes
1407 1318 1545 1367 ante
1592 1316 1864 1386 retroque
1909 1326 1982 1365 ex
2028 1304 2253 1365 insidiis
2295 1307 2639 1382 erumpunt,
2667 1308 2738 1362 ut

534 1421 645 1462 nec
701 1402 899 1481 primis
966 1404 1269 1475 excedere,
1337 1424 1446 1464 nec
1519 1403 1735 1464 ultimis
1799 1401 2157 1463 retrocedere
2227 1401 2452 1462 licitum
2526 1401 2734 1460 ¹⁸esset

529 1493 907 1579 iniquissimis
971 1520 1169 1582 pugna
1223 1501 1371 1561 locis
1423 1501 1774 1562 instituitur:
1838 1510 1898 1560 et
1962 1500 2239 1580 quoniam
2301 1509 2509 1559 natura
2575 1515 2737 1558 com·

531 1603 803 1675 paratum
848 1601 939 1658 est
984 1598 1296 1677 improvisa
1334 1599 1597 1678 pericula
1637 1598 1821 1677 magis
1865 1597 2089 1658 unimos
2126 1597 2402 1676 dejicere,
2450 1593 2735 1666 Titurius,

532 1693 637 1771 qui
705 1713 906 1753 secura
974 1694 1083 1754 sibi
1160 1696 1354 1755 omnia
1421 1695 1689 1768 finxerat,
1773 1715 1984 1774 pavere
2050 1695 2249 1773 coepit,
2327 1703 2506 1773 atque
2555 1690 2738 1752 ¹omni

536 1787 753 1851 bellica
780 1797 905 1851 arte
930 1792 1186 1852 destitui.
1271 1793 1493 1853 Contra
1520 1803 1712 1853 autem
1744 1793 1971 1870 collega
1998 1791 2146 1869 ejus»,
2194 1789 2293 1868 qui
2342 1789 2456 1849 boc
2499 1797 2742 1850 eventu·

537 1899 664 1947 rum
695 1887 1066 1966 previderat,
1116 1898 1297 1968 atque
1343 1888 1479 1949 ideo
1529 1889 1639 1948 iter
1685 1888 1831 1948 illud
1879 1888 2247 1958 dissuaserat,
2280 1886 2546 1965 quolibet
2599 1883 2742 1946 boni

530 1967 711 2044 Simul
737 1990 798 2044 et
827 1983 1075 2045 ¹⁹multis
1102 1995 1161 2046 et
1187 1986 1361 2046 ducis
1387 1986 1585 2047 officio
1613 1988 1863 2059 functus,
1914 1984 2232 2065 pugnando
2273 1984 2490 2064 pariter
2513 1993 2572 2045 et
2601 1981 2738 2044 hor-

535 2079 723 2140 tando
750 2080 893 2141 nihil
920 2082 1184 2142 omnium
1230 2084 1620 2161 praetermisit,
1654 2104 1790 2163 quae
1829 2084 1904 2143 ad
1947 2082 2191 2143 salutem
2222 2099 2458 2142 suorum
2490 2081 2739 2141 militum

536 2177 924 2256 pertinerent:
970 2179 1155 2240 hostis
1186 2179 1290 2259 qui
1316 2193 1594 2260 expertus
1623 2190 1990 2261 agnosceret,
2022 2200 2155 2239 suos
2186 2179 2465 2240 Romanis
2495 2179 2552 2237 in
2585 2180 2741 2239 ”nu-

534 2281 712 2353 gusto
739 2274 1006 2354 impares,
1033 2275 1219 2337 edicit
1260 2287 1327 2338 ut
1374 2279 1506 2339 telis
1550 2279 1776 2340 eminus
1826 2279 2049 2338 hostem
2097 2287 2320 2356 petant,
2350 2276 2596 2355 propius
2626 2289 2742 2335 non

534 2371 826 2432 accedent
852 2393 1042 2453 neque
1070 2369 1303 2435 manum
1333 2373 1665 2449 conserant,
1692 2375 1793 2436 sed
1822 2374 2172 2434 instantibus
2201 2389 2408 2453 parum
2440 2371 2740 2443 recedant,

534 2466 873 2549 instentque
900 2469 1265 2533 cedentibus.
1351 2476 1429 2535 Et
1456 2476 1624 2536 locus
1653 2475 1777 2555 ipse
1822 2474 1992 2535 ducis
2031 2471 2340 2534 consilium
2384 2470 2740 2548 adjuvabat:

534 2576 861 2647 pugnatum
891 2577 983 2629 est
1008 2586 1045 2630 u
1072 2570 1263 2649 primo
1294 2589 1463 2632 mane
1491 2573 1566 2632 ad
1596 2573 1798 2633 horam
1823 2571 1940 2632 diei
1969 2579 2275 2630 octavam:
2321 2587 2457 2627 cum
2487 2564 2744 2627 Romani

537 2664 747 2724 milites
779 2665 973 2725 multis
1003 2666 1146 2728 licet
1174 2668 1507 2728 vulneribus
1535 2669 1758 2740 affecti,
1806 2679 1868 2728 et
1914 2687 1950 2728 a
2001 2666 2236 2727 fortuna
2275 2674 2338 2725 et
2385 2663 2461 2723 ab
2510 2663 2743 2727 alterius

537 2758 707 2820 ducis
752 2762 970 2822 auxilio
1021 2762 1317 2824 ²¹destitui
1373 2764 1587 2824 acriter
1641 2772 1833 2824 tamen
1882 2763 2078 2823 adhuc
2135 2759 2268 2822 ²²ad
2325 2782 2455 2831 suo,
2503 2761 2621 2820 boc
2655 2764 2748 2821 est

536 2854 804 2917 Romano
849 2876 1008 2917 more
1045 2867 1362 2919 certarent:
1408 2868 1536 2919 tum
1581 2858 1818 2920 demum
1869 2858 2192 2919 fortissimis
2239 2857 2373 2918 viris
2413 2878 2447 2917 e
2493 2856 2742 2937 legione,

534 2951 746 3030 partim
776 2952 1002 3025 sauciis,
1033 2956 1251 3033 partim
1279 2956 1478 3027 caesis3
1513 2975 1647 3017 cum
1676 2965 1737 3018 et
1764 2957 1894 3036 ipse
1914 2957 2045 3035 jam
2067 2956 2288 3034 legatus
2315 2956 2512 3026 Cotta,
2531 2952 2594 3015 in
2624 2968 2743 3033 quo

534 3047 664 3126 ’spei
692 3066 921 3109 summa
946 3059 1090 3121 erat,
1136 3052 1296 3130 [9ss
1318 3053 1481 3133 gravi
1511 3054 1634 3114 ictu
1663 3054 1848 3114 funda
1882 3054 2036 3133 jacti
2077 3054 2282 3132 lapidis
2323 3072 2390 3112 os
2436 3060 2742 3122 contusus,

538 3144 727 3205 solitis
763 3148 1099 3207 muneribus
1126 3147 1423 3209 obeundis
1450 3149 1745 3210 invalidus
1788 3150 2159 3221 redderetur-3
2203 3149 2482 3209 inclinare
2508 3168 2600 3209 res
2627 3166 2745 3210 σω·

537 3242 629 3322 pit
656 3261 726 3301 ac
754 3262 941 3305 ruere.
1027 3244 1297 3305 Titurius
1340 3255 1481 3307 tunc
1514 3248 1766 3325 primum
1794 3248 2112 3325 intelligere
2141 3246 2423 3325 incipiens
2451 3246 2543 3306 sui
2569 3245 2746 3323 perti·

536 3338 702 3399 nucis
727 3341 959 3401 consilii
987 3341 1323 3415 vanitatem,
1351 3344 1511 3403 omni
1537 3362 1645 3424 spe
1672 3343 2032 3405 defensionis
2078 3342 2319 3414 omissa,
2347 3342 2632 3402 Romame
2659 3342 2746 3402 vir

537 3434 797 3497 fortassis
844 3438 1099 3517 originis,
1149 3458 1266 3499 non
1319 3440 1601 3500 Romame
1647 3440 1894 3513 virtutis,
1940 3439 2335 3517 Ambiorigem
2383 3439 2460 3498 ab
2497 3439 2744 3499 adverso

506 3574 513 3583 ·
539 3550 677 3593 suos
704 3534 1075 3614 instigantem
1095 3536 1479 3616 prospiciens,
1505 3538 1889 3617 interpretem
1920 3536 2213 3617 quendam
2241 3536 2315 3596 td
2352 3536 2517 3596 illum
2545 3535 2745 3615 hospi-

538 3639 654 3690 tem
686 3652 857 3692 sunm
887 3631 1036 3692 misit
1064 3642 1292 3693 oratum
1322 3641 1389 3694 ut
1433 3634 1547 3694 sibi
1595 3632 1831 3713 suisque
1860 3633 2142 3694 militibus
2170 3638 2536 3712 parceretur:
2561 3631 2743 3692 -omni

537 3725 843 3806 indiguum
873 3729 994 3788 vita
1032 3729 1239 3801 virum,
1270 3730 1374 3809 qui
1419 3730 1761 3810 suppliciter
1802 3730 1955 3789 adeo
1985 3729 2163 3789 vitam
2193 3739 2420 3808 poscat,
2450 3728 2637 3789 hostis
2663 3726 2741 3788 ab

540 3818 726 3896 hoste,
757 3825 1058 3886 Romanus
1096 3844 1134 3885 a
1159 3825 1432 3888 barbaro.
1516 3829 1597 3887 At
1623 3827 1721 3886 ille
1751 3827 1966 3905 hospes
1994 3824 2258 3905 egregius
2283 3845 2402 3884 non
2427 3833 2742 3886 contentus

539 3918 719 3981 fidem
750 3921 1051 4000 publicam
1082 3921 1344 4002 fregisse,
1369 3923 1481 3983 nisi
1509 3924 1808 4002 privatum
1846 3922 1951 4000 jus
1996 3923 2256 4001 hospitii,
2285 3923 2382 3982 illa
2411 3929 2589 3982 aetnte
2615 3921 2744 3983 reli-

540 4016 942 4097 giosissimum,
973 4019 1244 4088 violaret3
1288 4019 1586 4097 respondit
1612 4019 1933 4099 interpreti,
1963 4037 2139 4099 posse
2164 4018 2455 4080 Titurium
2485 4019 2533 4079 si
2559 4002 2748 4081 libeat

608 4182 666 4229 1⁷
702 4179 877 4244 Forte,
897 4180 1226 4244 «aquia—18
1256 4180 1415 4245 Lege,
1443 4186 1716 4235 mete—19
1747 4184 1907 4251 Lege,
1925 4181 2242 4236 nattum—2⁰
2277 4182 2434 4248 Lege,
2457 4186 2744 4255 αις-νίν.-

540 4261 600 4310 81
638 4258 812 4327 Forte,
829 4260 1049 4312 dedituri
1064 4260 1241 4312 acu-uer
1258 4264 1566 4318 tamem-22
1597 4264 1757 4333 Lego,
1775 4280 1848 4318 ac.
