3017 4925
1097 455 1164 509 c.
1194 458 1398 510 sumi
1445 417 1802 510 cAESAms.
2326 441 2502 515 2069

294 611 374 658 ἕ-
408 613 724 695 Tubingae.
770 621 827 675 8.
869 614 939 678 C.
959 612 1100 673 Julii
1121 613 1367 674 Caesaris
1395 613 1617 694 Opera.
1674 612 2001 675 Editionem
2042 614 2270 676 curavit
2318 618 2377 677 J.
2408 617 2491 677 G.

375 711 625 771 Hutten.
678 711 843 771 Tub.
875 730 969 790 ap.
1001 711 1198 771 Cotta.

225 851 239 864 .
300 813 454 869 1803
496 807 927 889 Norimbergae.
973 816 1029 869 8.
1073 808 1144 869 C.
1172 805 1313 868 Julii
1342 807 1588 868 Caesaris
1613 807 2050 870 Commentarii.
2098 810 2297 871 Editio
2323 831 2496 884 nova,

369 916 634 966 correcta
670 915 733 967 et
757 914 896 987 post
941 905 1037 966 ed.
1066 902 1300 983 Bipont.
1344 903 1679 966 emendata.
1723 907 1990 972 Norimb.
2041 927 2141 988 ap.
2187 909 2390 991 Riegel
2429 919 2492 971 et

300 1019 307 1029 ·
369 1001 649 1064 Wiesner.

366 1458 549 1528 Quod
579 1458 791 1521 attinet
829 1459 905 1521 ad
924 1461 1243 1523 secundam
1271 1463 1422 1524 banc
1448 1471 1709 1524 nostram
1736 1461 1981 1523 Caesaris
2002 1460 2340 1534 editionem,
2371 1468 2494 1521 tex·

286 1567 416 1618 tum
447 1555 688 1636 quidem
717 1556 885 1619 novis
914 1578 1019 1638 per
1045 1569 1235 1620 totum
1262 1579 1336 1620 ac
1356 1559 1824 1638 diligentioribus
1846 1559 2003 1620 curis
2030 1558 2494 1639 recognovimus,

286 1663 349 1715 et
374 1654 451 1714 ad
470 1653 723 1714 melioris
751 1663 910 1716 notae
937 1664 1197 1718 veterum
1226 1655 1554 1717 editionum
1584 1655 1720 1716 inde
1746 1657 1821 1716 ab
1840 1655 2056 1716 Aldina
2081 1646 2494 1734 prima'fidem,

286 1750 574 1812 adhibitis
630 1751 799 1811 simul
841 1763 1157 1813 msstorum
1198 1754 1572 1826 lectionibus,
1598 1772 1744 1832 quas
1783 1760 2090 1813 enatarunt
2140 1750 2496 1813 recentiores

285 1849 557 1919 editores,
583 1848 1017 1909 emendavimus
1034 1872 1053 1921 ;
1096 1850 1363 1930 adeoque
1412 1851 1599 1911 multo
1627 1870 1806 1930 quam
1854 1860 2025 1911 antea
2064 1848 2493 1929 castigatiorem

285 1955 447 2006 nunc
468 1945 836 2007 exhibemus.
918 1946 1035 2007 Sed
1063 1947 1154 2006 vel
1190 1948 1274 2008 sic
1316 1955 1631 2026 supersunt
1672 1956 1790 2007 tam
1819 1947 1877 2007 in
1919 1946 2044 2025 ipso
2071 1946 2187 2007 boc
2228 1955 2496 2017 auctore,

191 2115 202 2125 ·
286 2061 470 2122 quam
510 2035 697 2112 iniis,
729 2044 831 2122 qui
861 2063 976 2104 una
1002 2062 1138 2103 cum
1164 2063 1240 2102 eo
1280 2044 1380 2105 edi
1406 2045 1612 2118 solent,
1653 2045 1805 2105 bene
1847 2045 2052 2118 multa,
2080 2063 2217 2122 quae
2260 2064 2496 2105 manum

286 2138 740 2200 emendatricem
764 2139 959 2202 adhuc
998 2150 1334 2220 expectant.
1418 2144 1573 2212 Quae
1612 2163 1748 2204 cum
1778 2142 1899 2204 fere
1925 2142 2041 2203 sint
2083 2142 2397 2220 ejusmodi,
2429 2151 2495 2203 ut

287 2237 522 2302 nonnisi
548 2254 664 2316 ope
711 2236 962 2300 melioris
988 2237 1233 2311 codicis,
1264 2258 1441 2318 quam
1469 2250 1608 2301 sunt
1634 2241 1693 2316 ii,
1727 2240 1943 2321 quibus
1972 2240 2168 2303 adbuc
2199 2240 2283 2300 uti
2322 2240 2493 2301 licuit

286 2333 424 2396 viris
463 2333 682 2410 doctis,
729 2334 786 2396 in
827 2335 1060 2397 edendo
1112 2336 1350 2398 Coesare
1395 2357 1532 2398 cum
1577 2338 1751 2398 laude
1797 2338 2060 2408 versatis,
2102 2338 2162 2397 in
2208 2339 2496 2415 integrum

287 2433 518 2494 restitui
572 2433 819 2513 possint,
873 2434 1093 2496 intacta
1121 2436 1445 2516 relinquere
1491 2435 1813 2498 consultius
1854 2434 2025 2496 nobis
2079 2435 2286 2506 visum,
2318 2451 2496 2514 quam

284 2547 481 2592 meras
518 2532 611 2591 vel
661 2532 907 2592 aliorum
955 2534 1048 2593 vel
1100 2543 1335 2594 nostras
1389 2533 1764 2611 conjecturas
1804 2534 2107 2593 contextui
2154 2531 2493 2592 obtrudere.

284 2628 575 2699 Notitiam
599 2629 928 2702 literariam‚
958 2630 1237 2691 volumini
1263 2631 1453 2710 primo
1476 2629 1859 2710 praemissam,
1885 2649 1994 2709 pro
2035 2629 2124 2701 iis,
2154 2648 2292 2708 quae
2321 2626 2492 2687 nobis

286 2725 365 2786 ad
389 2744 594 2786 inanus
618 2725 800 2798 fuere,
820 2727 1089 2789 subsidiis
1115 2737 1177 2789 et
1203 2728 1473 2789 auximus
1491 2737 1551 2789 et
1579 2728 2020 2789 emendavimus
2029 2748 2048 2798 3
2071 2727 2310 2806 adjecta
2335 2725 2496 2785 iusu-

284 2843 399 2902 per
424 2825 570 2885 Ger.
598 2824 694 2884 Jo.
722 2824 915 2885 Vossii
958 2825 1035 2886 de
1076 2826 1325 2906 Scriptis
1354 2825 1603 2886 Caesaris
1628 2823 2159 2893 Commentatione,
2206 2832 2268 2884 et
2309 2824 2492 2883 Henr.

286 2920 581 2982 Dodwelli
601 2921 1017 2983 Dissertatione
1045 2922 1123 2985 de
1147 2934 1386 2985 auctore
1401 2924 1537 2984 libri
1553 2940 1711 2987 vm.
1731 2924 1808 2985 de
1831 2925 1898 2985 B.
1919 2926 2001 2985 G.
2031 2933 2092 2984 et
2110 2923 2283 2984 Alex.
2303 2920 2486 2982 Afric.

283 3029 345 3079 et
364 3019 535 3098 Hisp.
565 3019 836 3080 Secundo
862 3040 1003 3081 vero
1025 3021 1308 3082 volumini
1336 3023 1396 3083 iu
1411 3022 1656 3103 gratiam
1678 3023 1926 3083 tironum
1956 3020 2369 3099 subjunximus
2392 3020 2488 3078 In·

285 3115 479 3176 dicem
504 3116 822 3190 latinitatis,
851 3137 888 3177 a
916 3118 1075 3179 Sam.
1106 3120 1200 3179 Fr.
1228 3120 1412 3180 Natb.
1456 3120 1635 3179 Moro
1681 3120 2039 3191 confectum,
2069 3117 2127 3177 in
2173 3138 2293 3197 quo
2323 3115 2498 3184 simul

286 3212 570 3273 nonnulla
597 3213 675 3274 de
694 3213 900 3274 ritibus
915 3223 977 3275 et
1003 3215 1179 3275 rebus
1206 3216 1461 3295 antiquis
1493 3226 1821 3287 monentur,
1851 3226 2052 3276 nostra
2076 3235 2220 3276 cura
2257 3233 2396 3275 cum
2419 3233 2496 3274 ex

286 3311 558 3384 aliorum,
579 3320 704 3371 tum
731 3332 804 3372 ex
824 3311 1008 3392 ipsius
1036 3313 1142 3373 viri
1160 3312 1486 3375 doctissimi
1529 3312 2123 3373 animadversionibus
2149 3310 2494 3382 auctiorem,

283 3417 348 3468 et
406 3407 487 3468 ad
540 3394 838 3470 literarum
899 3410 1103 3471 seriem
1155 3429 1292 3472 cum
1358 3411 1555 3472 iudice
1615 3408 2316 3490 geographico-historico
2361 3426 2500 3468 con·

273 3503 583 3583 junctum.

368 4010 466 4069 De
504 4007 861 4071 editionibus
905 4012 1255 4094 scriptorum
1302 4015 1765 4076 Coesariauorum
1813 4014 1873 4074 in
1919 4014 2251 4074 universum
2297 4019 2501 4071 tenen-

287 4107 458 4179 dum,
486 4108 840 4188 antiquiores
880 4108 1003 4171 sere
1039 4111 1189 4173 inter
1215 4132 1277 4174 se
1319 4113 1671 4184 consentire,
1716 4112 1818 4174 ubi
1853 4112 1990 4171 vitia
2027 4126 2337 4190 operarum
2374 4124 2491 4165 uon

287 4203 706 4265 intercedunt:
753 4225 888 4283 quae
934 4218 1070 4268 sunt
1127 4209 1387 4290 inprimis
1430 4209 1763 4289 frequentia
1803 4218 1864 4270 et
1889 4206 2048 4269 foeda
2091 4207 2148 4266 in
2189 4203 2285 4265 ed.
2322 4208 2496 4270 1473.

292 4300 419 4363 sine
445 4302 562 4363 loci
581 4312 742 4378 nota,
759 4320 893 4383 quae
910 4314 1105 4366 tamen
1132 4307 1291 4368 solos
1312 4306 1390 4368 de
1418 4309 1487 4369 B.
1520 4308 1602 4370 G.
1631 4307 1809 4368 libros
1837 4306 2033 4368 babet.
2081 4302 2200 4366 Sed
2231 4320 2267 4362 a
2286 4300 2494 4361 veteris
