3017 4925
1039 442 1354 495 norirm
1398 441 1727 493 esum.
2333 423 2512 493 2015

297 591 490 676 vulgo
518 588 578 656 le
605 587 811 659 Cher.-
851 589 1010 658 item
1048 586 1110 654 V
1104 589 1420 678 ignimur,
1451 585 1519 653 Ia
1552 584 1777 670 Viam,
1809 585 1874 653 Ia
1912 582 2221 675 Vignane,
2244 591 2315 656 et
2341 585 2512 657 alios

237 811 243 815 ·
300 701 678 862 palae-2223.
732 791 1049 861 l’Evesche
1071 805 1134 861 et
1158 816 1315 882 pays
1343 791 1419 858 de
1452 789 1714 859 Lisieur
1741 815 1816 860 eu
1850 791 2263 863 Nomandie.

377 896 714 986 Lingones.
790 895 1096 987 Langres.

375 999 659 1066 Lutetia.
722 999 986 1068 Graecis
1015 1000 1372 1081 ammata,
1403 997 1772 1088 λουγοταία.

371 1102 671 1172 Matisco.
740 1101 1062 1169 I’Eveschc'
1082 1104 1159 1169 de
1190 1103 1477 1171 Muscon.

374 1207 710 1274 Matrona.
760 1203 851 1271 M
846 1228 1016 1273 arne.
1091 1207 1330 1293 Ingens
1373 1208 1644 1286 flumen,
1687 1228 1903 1295 neque
1942 1208 2163 1276 minus
2206 1211 2361 1297 ipso
2389 1210 2509 1277 Se-

374 1409 811 1477 Melodzmum.
907 1412 1066 1480 Hoc
1110 1433 1349 1480 nomen
1404 1433 1753 1498 perperam
1802 1413 2109 1481 insultum
2167 1422 2273 1482 est
2326 1418 2507 1501 apud

284 1516 627 1584 Caesarem
666 1517 798 1595 bis,
825 1537 949 1601 pro
976 1537 1108 1602 quo
1137 1523 1392 1582 veteres
1421 1536 1649 1581 omnes
1681 1517 1910 1601 scripti
1962 1516 2232 1583 codices
2260 1518 2510 1586 habent

285 1618 756 1685 Metiosedum.
813 1619 1064 1687 Verum
1083 1620 1353 1705 quidem
1380 1624 1481 1685 est
1509 1618 1947 1691 Melodunum
1969 1625 2035 1684 et
2058 1619 2508 1687 Metiosedum

285 1742 491 1790 unum
509 1723 820 1807 idemque
841 1724 1168 1809 oppidum
1196 1744 1382 1791 esse:
1411 1724 1534 1789 sed
1554 1722 1988 1791 Melodunum
2015 1727 2353 1811 posterius
2381 1731 2505 1793 est.

287 1825 515 1893 Hodie
547 1823 775 1890 Melan
801 1828 873 1892 in
915 1827 1133 1893 insula
1163 1826 1492 1911 Sequanae
1530 1826 1735 1893 instar
1764 1827 2045 1896 Lutetiae
2079 1827 2505 1897 Parisiorum.

282 1926 492 1994 Aliud
520 1927 977 2009 Melodunm,
1003 1931 1136 2007 vel,
1164 1934 1239 1994 ut
1266 1930 1426 1994 alibi
1455 1931 1738 2014 reperi0,
1772 1929 2216 1999 Miliodunum
2245 1933 2315 1996 in
2341 1949 2506 2015 agro
2627 1922 2645 1938 ⁸

284 2032 706 2099 Bituricensi.
788 2030 1015 2116 Vulgo
1061 2028 1280 2095 Meam.
1369 2029 1514 2096 Alii
1581 2052 1706 2117 pro
1768 2030 2216 2098 Metiosedum
2278 2033 2508 2117 legunt

285 2134 348 2201 J
341 2131 608 2215 osedum,
638 2140 704 2202 et
738 2131 993 2202 Corbeil
1016 2137 1543 2221 interpretantur.
1636 2136 1902 2216 Quibus
1938 2137 2182 2203 bonam
2219 2142 2508 2205 mentem

283 2259 657 2326 precamur.

375 2339 897 2408 Mediomatrices.
970 2343 1457 2411 Posterioribus
1499 2344 1908 2429 temporibus
1934 2346 2095 2411 urbs
2132 2344 2506 2413 Medioma-

281 2446 529 2514 tricum
556 2452 801 2514 vocata
827 2453 928 2514 est
955 2446 1187 2528 Metus,
1226 2454 1294 2514 et
1327 2450 1530 2536 vulgo
1559 2468 1797 2514 nomen
1823 2449 2077 2528 retinet,
2131 2470 2283 2516 cum
2312 2456 2507 2519 antea

282 2549 708 2617 Divodurum
732 2552 796 2617 ei
823 2570 1065 2618 nomen
1095 2558 1289 2622 esset.

371 2650 684 2738 Menapii.
757 2655 997 2721 Strabo
1026 2675 1183 2726 cum
1211 2653 1497 2721 Morinis
1522 2654 1868 2721 continuat
1893 2655 1961 2719 in
1981 2653 2327 2720 maritimis
2348 2655 2506 2721 Bel·-

280 2757 398 2840 gii,
428 2761 493 2822 et
520 2756 757 2824 Caesar
784 2778 1050 2843 quoque
1078 2758 1335 2824 indicat
1361 2759 1457 2823 ibi
1501 2777 1673 2823 esse.
1764 2757 2070 2843 Denique
2095 2755 2506 2826 Ptolemaeus

280 2860 575 2927 collocat
619 2862 707 2927 ad
747 2863 922 2929 ostia
970 2861 1213 2927 Mosae.
1304 2860 1467 2929 Non
1516 2865 1671 2926 sunt
1699 2861 1896 2944 igitur
1937 2858 2227 2926 Geldrii:
2269 2881 2505 2948 neque,

278 2963 398 3052 qui
438 2965 725 3048 sapiunt,
754 2966 883 3030 hoc
913 2962 1293 3030 concedent.
1381 2964 1515 3029 Sed
1546 2982 1707 3048 pars
1746 2962 2083 3030 hodiernae
2115 2960 2506 3031 Hellandiae

278 3072 349 3129 et
376 3065 761 3133 Brabantiae
789 3067 1164 3144 maritimae,
1183 3066 1294 3131 vel
1321 3067 1549 3152 potius
1574 3064 1942 3151 secundum
1971 3065 2362 3132 Strabonem
2387 3086 2508 3134 ora

281 3165 620 3232 Flandriae
691 3172 1051 3248 maritima,
1110 3175 1265 3236 sunt
1337 3171 1473 3234 veri
1521 3169 1869 3254 Menapii:
1938 3174 2007 3236 et
2071 3167 2507 3254 Menapiscus

278 3288 502 3356 pagus
545 3269 789 3335 dicitur
831 3270 902 3336 in
948 3270 1376 3355 Capitulariis
1424 3270 1669 3337 Karoli
1716 3269 1946 3355 Magni
2004 3290 2125 3355 pro
2170 3270 2506 3337 Flandriae

281 3371 641 3448 Comitatu,
705 3372 1069 3459 Nunquam
1097 3374 1484 3459 persuaderi
1500 3375 1696 3446 nobis
1723 3376 1943 3460 potuit
1972 3372 2332 3457 Menapios
2359 3391 2507 3444 esse

285 3473 624 3542 Geldrios

285 3603 298 3612 ·
365 3575 642 3646 Morini.
717 3578 967 3645 Eorum
993 3582 1148 3646 urbs
1177 3582 1485 3648 Teroana
1514 3582 1735 3648 diruta
1762 3600 1804 3645 a
1834 3577 2094 3647 Karolo
2122 3577 2375 3664 quinto.

369 3680 741 3750 Nantuates.
815 3682 1001 3750 Cave
1030 3686 1264 3751 credas
1292 3707 1443 3751 esse
1483 3685 1960 3751 monasterium
1983 3684 2110 3749 hoc
2146 3684 2412 3748 nomine
2438 3683 2509 3750 in

280 3784 652 3866 Sabaudia,
696 3791 771 3852 ut
798 3787 1110 3871 quaedam
1153 3808 1286 3854 non
1334 3808 1504 3855 sana
1541 3788 1766 3873 capita
1792 3788 2050 3853 volunt.
2139 3784 2310 3851 Sunt
2338 3786 2412 3866 ii,
2436 3787 2510 3852 in

279 3889 528 3974 quibus
583 3909 801 3975 pagus
857 3888 1236 3957 Octodurus
1288 3897 1416 3971 est,
1465 3893 1538 3958 id
1593 3898 1718 3969 est,
1767 3891 2053 3956 Sanctus
2114 3889 2508 3957 Mauricius.

280 3988 498 4077 Cujus
526 3992 622 4055 rei
651 3990 845 4056 fidem
894 3990 1146 4057 faciunt
1194 3999 1620 4060 monumenta
1655 3993 1994 4078 passionis
2020 3993 2305 4075 legionis
2333 3990 2510 4056 The-

278 4095 602 4173 δῶσι-ωτι,
633 4096 705 4159 in
738 4094 981 4180 quibus
1014 4094 1334 4162 Octoduri
1361 4104 1469 4165 est
1494 4097 1784 4162 mentio:
1831 4096 2243 4161 Octodurum
2283 4099 2509 4159 autem

280 4215 325 4260 a
376 4196 650 4263 Caesare
721 4197 792 4260 in
844 4195 1162 4279 Veragris
1226 4199 1535 4282 proxime
1602 4198 2062 4265 Nantuatibus
2127 4196 2508 4263 collocatur.

287 4297 582 4379 Quidam
607 4299 836 4383 legunt
861 4296 1216 4368 Antuates.
1304 4302 1439 4370 Sed
1470 4304 1588 4388 qui
1616 4301 1995 4369 Nantuates
2024 4299 2114 4367 ad
2142 4297 2512 4365 Aeronium
