3017 4925
488 369 667 442 1748
1122 377 1206 437 ἰ.
1247 381 1462 436 censi
1506 365 2066 436 contumuit·
2135 455 2138 458 Δ

490 529 783 602 dimlttere
818 538 877 600 in
900 537 1101 599 animo
1128 536 1402 610 babebat,
1432 519 1682 618 reliquos
1702 556 1904 599 omnes
1932 519 2135 598 secum
2163 536 2300 598 loco
2324 533 2600 599 obsidum
2635 536 2700 600 in

488 638 858 699 Britanniam
899 636 1199 714 trajicere:
1247 635 1423 714 hujus
1442 636 1669 696 consilii
1696 655 1875 696 cansa
1902 644 2049 708 erat,
2078 633 2355 715 quoniam
2383 637 2701 698 verebatur

492 753 572 795 ne
595 734 697 814 qui
738 744 930 796 motus
957 753 1018 795 se
1044 733 1304 813 digresso
1329 734 1388 792 in
1418 733 1609 794 Gallis
1635 730 1968 793 “orit-etur:
2011 751 2163 811 quos
2204 732 2516 811 praesentia
2552 732 2705 796 fide·

493 832 634 892 iinm
661 841 724 892 et
766 830 1027 891 absentia
1066 829 1427 908 perfidorum
1476 830 1712 909 reprimi
1751 849 1926 909 posse
1951 824 2348 890 “arb-batur.
2377 831 2507 911 [82]
2555 831 2702 894 Erat

494 928 648 989 inter
695 929 837 988 alios
885 928 1211 987 Dumnorix
1265 927 1488 987 AEduus
1533 927 1718 988 frater
1755 926 2067 988 Divitiaci:
2111 928 2267 988 bunc
2311 928 2518 988 Caesar
2550 939 2693 991 ante

492 1026 641 1085 alios
680 1045 880 1087 secum
910 1024 1127 1120 ducere
1167 1025 1507 1098 instituerat,
1539 1025 1701 1105 quod
1749 1034 1812 1085 et
1854 1022 2047 1084 ⁶⁷cum
2091 1044 2319 1103 magnae
2359 1025 2522 1104 apud
2564 1045 2703 1087 suos

492 1120 786 1201 opinionis
825 1143 953 1183 esse
993 1133 1252 1194 noverat,
1276 1131 1335 1183 et
1360 1123 1420 1183 in
1450 1124 1747 1182 Romanos
1791 1122 2061 1202 pessimae
2087 1121 2438 1183 voluntatis.
2485 1122 2588 1183 Sic
2635 1132 2705 1185 ut

492 1218 789 1279 interdum
812 1222 962 1280 sicut
990 1239 1167 1299 supra
1193 1219 1451 1281 diximus
1478 1220 1554 1280 de
1593 1222 1725 1299 ejus
1753 1219 2044 1298 supplicio
2072 1218 2420 1297 cogitasset.
2492 1219 2704 1282 adbaec

495 1316 705 1377 illum
689 1336 746 1377 ιιι
774 1317 1016 1377 consilio
1045 1336 1279 1378 suorum
1301 1316 1564 1394 jactasse
1585 1317 1915 1388 constabat,
1957 1316 2216 1376 delatum
2245 1315 2359 1376 sibi
2396 1336 2433 1376 a
2465 1318 2703 1379 Caesare

492 1412 703 1493 patriae
730 1432 852 1473 snae
877 1433 1141 1494 regnum,
1173 1433 1348 1493 quam
1370 1411 1534 1493 ⁶⁸per
1573 1414 1905 1493 superbiam
1949 1413 2038 1472 sni
2065 1412 2221 1473 cives
2261 1412 2475 1493 iniquis
2511 1405 2701 1490 tulere

493 1509 855 1582 animis‚*sed
885 1510 1166 1590 potentiae
1191 1530 1312 1569 suae
1340 1520 1499 1570 metu
1529 1509 1696 1589 queri
1723 1510 1884 1589 apud
1906 1510 2199 1570 Caesarem
2219 1530 2340 1570 non
2355 1511 2697 1575 audebant}

490 1605 591 1667 bis
616 1625 691 1667 ex
719 1607 915 1667 causis
957 1606 1289 1667 instabilem
1316 1607 1501 1666 virum
1532 1616 1592 1668 et
1628 1616 1835 1667 natura
1861 1607 2026 1667 novis
2054 1627 2285 1686 semper
2311 1607 2484 1668 rebus
2514 1603 2708 1670 interr·

492 1712 642 1774 tum,
673 1710 734 1764 et
761 1702 989 1762 hostilis
1029 1703 1205 1763 animi
1234 1713 1376 1783 post
1417 1723 1479 1764 se
1505 1704 1800 1766 dimittere
1838 1705 2158 1784 expediens
2187 1704 2422 1765 minime
2459 1695 2704 1784 jndicass

494 1799 621 1860 bat.
704 1799 924 1861 Contra
958 1799 1057 1861 ille
1099 1812 1163 1862 ut
1192 1800 1586 1862 dimitteretur
1626 1803 1900 1877 instabat,
1945 1811 2126 1881 atque
2166 1803 2418 1864 obnixus
2465 1805 2702 1877 orabat,

490 1896 737 1957 frivolas
775 1897 1141 1976 praetendens
1182 1896 1461 1977 precibus
1509 1898 1793 1959 rationes:
1835 1900 1980 1959 hinc·
2000 1908 2220 1960 metum
2272 1899 2543 1960 maritimi
2590 1901 2707 1962 fas-

492 1992 659 2065 tidii;
697 1993 860 2073 quod
892 2003 1012 2055 tam
1040 2014 1225 2073 parvo
1255 1994 1428 2055 maris
1455 1995 1648 2074 spatio
1679 1995 1882 2078 utique
1922 2015 2194 2075 magnum
2221 2015 2349 2056 esse
2389 2015 2508 2056 non
2534 1991 2707 2076 pot&-

488 2101 612 2163 rat}
645 2092 782 2153 binc
808 2092 1144 2172 religionem
1173 2092 1370 2153 nescio
1398 2112 1576 2173 quam
1599 2112 1783 2166 suam,
1810 2113 1930 2174 qua
1953 2114 2018 2154 se
2045 2093 2310 2173 navigare
2337 2095 2702 2173 prohibitum

492 2188 806 2250 asseoebat.
890 2190 1092 2250 Caesar
1118 2191 1219 2268 qui
1246 2208 1364 2250 non
1393 2190 1584 2253 minus
1612 2192 1869 2251 animum
1916 2211 2093 2272 quam
2150 2191 2376 2252 vultum
2407 2191 2706 2270 loquentis

488 2284 800 2363 aspiceret,
840 2285 1181 2365 petitionem
1224 2287 1500 2363 injustam
1541 2288 2003 2348 constantissime
2042 2287 2281 2365 repulit.
2363 2288 2469 2347 lue
2517 2287 2706 2367 indig'-

494 2399 639 2442 nans
678 2382 925 2443 circuire
978 2383 1289 2465 principes,
1342 2402 1416 2444 ac
1471 2392 1706 2456 terrere,
1751 2392 1810 2444 et
1858 2403 1932 2443 ne
1974 2402 2096 2462 qna
2142 2384 2370 2444 ratione
2410 2385 2705 2446 Caesarem

492 2489 877 2560 sequerentur
913 2477 1190 2540 ⁶⁹bortari
1229 2481 1385 2541 enim
1424 2485 1444 2519 ‘
1472 2481 1695 2541 callido
1732 2480 1971 2541 consilio
1997 2479 2058 2539 id
2088 2480 2201 2559 agi,
2231 2491 2298 2541 ut
2344 2478 2542 2542 Gallia
2585 2483 2703 2543 suis

490 2575 859 2655 principibus
886 2577 1134 2657 spoliata
1170 2564 1398 2637 facilins
1420 2631 1429 2637 ,
1431 2576 1649 2656 jugum
1694 2577 1982 2638 Romanae
2030 2576 2323 2639 servitutis
2365 2578 2702 2658 exciperetg

490 2671 712 2733 ducere
732 2674 865 2735 illos
892 2694 1092 2735 secum
1120 2674 1292 2746 velle,
1317 2692 1437 2733 non
1464 2673 1627 2751 quod
1650 2673 1764 2732 illis
1788 2681 1996 2752 egeat,
1979 2696 1995 2712 ·
2039 2674 2144 2734 sed
2173 2681 2241 2734 nt
2268 2675 2429 2752 quod
2457 2675 2519 2735 in
2547 2677 2697 2736 Gal·

493 2767 585 2828 liis
613 2787 733 2828 non
768 2769 1040 2839 auderet,
1084 2778 1243 2830 trans
1288 2788 1445 2829 mare
1488 2769 1778 2829 deductos
1813 2768 2170 2829 interficiat?
2235 2772 2563 2831 Movebant
2599 2773 2694 2832 hoe

495 2883 672 2924 voces
711 2863 1076 2925 infirmorum
1119 2865 1371 2925 animos.
1419 2864 1501 2924 ita
1555 2872 1624 2924 ut
1675 2865 1907 2957 aliquas
1948 2865 2290 2943 juramento
2331 2867 2702 2948 astringeret,

384 2960 387 2963 ’
497 2979 631 3040 quae
651 2962 949 3023 communi
976 2962 1184 3040 patrioe
1211 2961 1374 3021 utilia
1397 2969 1614 3032 essent,
1646 2958 2036 3023 utffinmuni
2061 2964 2305 3027 consilio
2332 2975 2704 3043 gererentur.

488 3077 687 3138 neque
714 3059 773 3118 in
800 3060 1068 3119 omnibus
1097 3059 1541 3119 Romanorum
1525 3057 1765 3137 imperio
1793 3068 1861 3121 ut
1880 3061 2142 3119 Deorum
2168 3069 2483 3138 pareretur.
2536 3064 2704 3125 Nihil

494 3154 705 3215 borum
745 3157 1037 3216 Caesarem
1064 3156 1306 3216 latebat.
1371 3156 1590 3216 Verum
1631 3155 1781 3216 adeo
1822 3156 2185 3218 Divitiacum
2205 3161 2230 3199 ⁷
2232 3157 2584 3236 0diligebat;
2635 3166 2703 3221 ιιι

496 3250 559 3311 in
586 3252 741 3312 illius
768 3252 947 3313 fratre
974 3262 1149 3332 atque
1189 3252 1424 3312 illorum
1472 3253 1622 3324 cive,
1670 3273 1790 3314 non
1815 3253 2110 3331 justitiam
2166 3254 2270 3316 sed
2326 3254 2699 3321 clementiam

497 3359 795 3411 exerceret
832 3370 1024 3431 neque
1072 3350 1404 3429 suppliciis;
1453 3351 1557 3410 sed
1584 3370 1742 3411 nunc
1780 3353 1970 3424 minis,
2019 3372 2178 3412 nunc
2213 3352 2510 3413 blanditiis
2558 3352 2706 3416 nite‘·

496 3456 658 3508 retur
683 3448 847 3509 ἰΙΙιιιιι
869 3448 991 3508 ab
975 3448 1362 3559 iniquissima.
1363 3448 1683 3508 intentione
1691 3450 2041 3583 ‘retrahere
2063 3450 2191 3529 [83]
2236 3448 2306 3508 ld
2330 3469 2468 3510 cum
2485 3450 2710 3513 frustra

500 3649 643 3700 nota
667 3651 896 3702 essent:
940 3644 1188 3721 proinde
1235 3663 1373 3705 cum
1410 3645 1544 3722 jam
1576 3663 1760 3723 prope
1807 3663 2059 3704 mensem
2102 3643 2291 3703 ventis
2337 3644 2705 3723 navigatione

499 3734 699 3806 dilata,
755 3738 953 3797 votiva
1007 3740 1241 3799 demum
1297 3739 1689 3820 tranquillitas
1743 3739 2098 3810 affulsisset;
2160 3739 2482 3800 exercitum
2524 3761 2702 3803 naves

500 3832 887 3893 conscendere
912 3836 1113 3895 Caesar
1138 3836 1483 3916 imperavit:
1538 3837 1851 3916 multisque
1879 3837 2230 3908 dolentibus,
2263 3857 2411 3901 unus
2437 3840 2704 3900 omnium

487 3929 829 3989 'Domnorix
855 3930 1162 4009 imperinm
1192 3931 1523 3994 detractare
1549 3952 1725 3992 ausus
1767 3952 1905 3992 cum
1930 3932 2228 4013 equitibus
2271 3935 2475 3994 AEduis
2505 3935 2706 3997 ⁷'clas·

484 4050 491 4063 ’
565 4086 628 4131 65
651 4083 810 4147 Lege,
830 4085 1212 4136 orinatum—66
1234 4088 1396 4152 Lege,
1417 4085 1890 4137 arbitrabatur-‚4⁷
1926 4064 2478 4152 Lege,enm.—68⁶Per
2497 4046 2706 4140 videtur

484 4180 495 4189 ·
502 4160 949 4310 Ὲειιιῖιὲιὲιὲ-ἑῗῖκ
950 4167 1110 4234 Lege,
1127 4169 1311 4219 Ιιοιιοή
1322 4184 1342 4229 ,·
1356 4169 1527 4219 callido
1544 4168 1818 4219 enim—⁷0
1838 4168 2063 4221 Videtur
2082 4169 2398 4237 addendum,
2413 4171 2700 4275 fidaeque.

797 4280 814 4310 ,
951 4282 966 4298 .

1477 4380 1497 4420 ἐ
