3017 4925
550 380 728 448 2⁰66
1252 396 1642 447 necamus
1690 398 2120 449 anim-ionum

557 558 713 619 1740
754 548 1002 610 Giessae.
1051 557 1107 609 8.
1148 568 1283 610 cum
1311 548 1463 608 notis
1490 567 1670 627 germ.
1702 549 1834 607 Em.
1863 549 2111 610 Sinceri.

551 647 944 727 -wLugduni
986 649 1116 707 Bat.
1160 656 1217 708 8.
1279 647 1577 726 Repetitio
1628 645 2147 725 Oudendorpianae
2190 646 2482 718 editionis,
2529 649 2752 710 omissis

558 787 565 804 .
632 747 1229 809 aminadversionibus
1266 751 1345 807 ex‘
1368 754 1562 805 vetere
1590 749 1698 804 'suo'
1735 756 2021 824 apparatu
2047 744 2243 805 denuo
2269 745 2751 826 castigatoe,·quae

509 921 512 928 ὁ
635 865 771 906 vero
797 865 831 905 a
861 845 1049 925 priore
1070 843 1223 904 haud
1256 843 1503 902 multum
1533 842 1747 902 differt.

561 950 707 1010 1741
755 940 1126 1018 Rotbomagi.
1172 947 1227 999 8.
1273 960 1345 999 ex
1372 959 1493 999 rec.
1524 939 1828 1018 Scaligeri.

561 1047 714 1108 1742
754 1036 1024 1097 Londini.
1071 1045 1126 1097 8.
1170 1036 1308 1112 maj.
1340 1037 1411 1096 C.
1441 1035 1579 1096 Julii
1608 1035 1860 1097 Caesaris
1887 1034 1964 1096 de
2013 1036 2168 1096 bello
2208 1036 2454 1096 Gallico
2479 1045 2544 1098 et
2573 1037 2756 1108 Civili,

634 1155 745 1196 nec
775 1154 892 1195 nou
923 1138 994 1195 Α.
1026 1133 1199 1194 Hirtii
1225 1133 1590 1211 aliorumque
1609 1132 1694 1192 de
1722 1132 1890 1194 bellis
1917 1131 2335 1205 Alexandrino,
2380 1132 2668 1194 Africano
2701 1142 2761 1195 ct

562 1281 569 1290 .
635 1232 1035 1311 Hispaniensi.
1082 1229 1520 1291 Commentarii.
1605 1230 1795 1290 Notas
1848 1238 1910 1289 et
1954 1228 2485 1290 animadversiones
2536 1229 2762 1291 addidit

636 1331 901 1391 Thomas
942 1328 1253 1388 Bentleius.
1337 1330 1655 1387 Accessere
1692 1327 2045 1404 conjecturae
2096 1334 2159 1387 et
2196 1326 2646 1388 emendationes
2668 1327 2764 1388 Ja-

630 1427 768 1488 cobi
795 1430 831 1489 J
839 1417 1009 1487 urinis
1036 1425 1306 1497 Londini‚
1338 1424 1632 1486 sumtibus
1662 1425 1828 1485 Guil.
1856 1425 2037 1504 Innys
2060 1433 2121 1484 et
2148 1423 2321 1485 Rich.
2341 1425 2634 1505 ·Manby.‘

564 1534 713 1595 1743
758 1524 947 1585 Halai.
982 1532 1040 1585 8.

563 1634 718 1693 1744
762 1622 1029 1683 Londini.
1064 1619 1158 1681 16.
1188 1621 1263 1682 C.
1290 1621 1325 1682 J
1333 1618 1433 1678 ulii
1459 1619 1709 1680 Caesaris
1737 1638 1874 1698 quae
1901 1626 2124 1679 extant.
2150 1615 2552 1694 (Cumlndice
2573 1638 2762 1706 rerum

633 1717 1143 1791 memorabilium.)
1197 1716 1468 1788 Londiui‚
1502 1716 1662 1796 typis
1690 1716 1747 1776 J.
1781 1715 2082 1795 Brindley.
2116 1725 2152 1777 2
2184 1715 2323 1776 voli.
2531 1729 2534 1730 ’

556 1824 714 1887 1745
756 1817 1017 1877 Viennae.
1047 1824 1272 1876 8.·cum
1298 1814 1454 1875 notis
1482 1834 1665 1893 germ.

557 1948 639 1982 ,--
679 1912 947 1973 Londini.
977 1920 1032 1972 8.
1061 1914 1163 1973 Jo.
1185 1910 1454 1972 Goduini
1478 1910 1578 1971 ed.
1609 1911 1669 1971 in
1698 1930 1863 1972 usum
1893 1910 2169 1990 Delphini
2195 1909 2466 1989 repetita.

565 2009 717 2080 1746
756 2008 1205 2070 Amstelodami.
1242 2015 1334 2068 12.
1365 2007 1527 2086 apud
1563 2008 1845 2069 wetsten

558 2141 640 2154 --
682 2106 918 2185 Lipsiae.
969 2114 1025 2167 8.
1080 2124 1178 2184 ap.
1228 2104 1598 2165 Weidmann.
1648 2124 1720 2168 ex
1767 2126 1894 2167 rec.
1936 2114 1996 2166 et
2043 2124 2180 2165 cum
2216 2106 2371 2167 notis
2417 2104 2762 2186 christoph.

642 2202 892 2265 Cellarii.
1157 2235 1179 2242 ·
1743 2221 1748 2226 ·
2389 2215 2394 2224 ’

566 2309 717 2371 1748
761 2298 1032 2360 Berolini.
1081 2306 1136 2360 8.
1193 2297 1266 2358 C.
1288 2297 1323 2357 J
1330 2297 1427 2357 uin
1444 2298 1686 2358 Caesaris
1712 2298 1788 2358 de
1810 2298 1977 2360 bellis
2004 2299 2266 2373 Gallico,
2285 2304 2402 2362 dec.
2453 2302 2762 2363 Commen-

644 2396 794 2468 tarii‚
823 2406 1068 2457 curante
1095 2396 1193 2457 Jo.
1226 2395 1385 2454 Petr.
1417 2393 1672 2456 Millero.
1704 2396 1855 2456 Cum
1881 2396 2146 2457 versione
2174 2396 2409 2458 Gallica
2437 2397 2766 2460 Ablancur-

638 2497 724 2557 tii.
782 2496 1054 2567 Deretini,
1076 2515 1177 2573 ap.
1207 2493 1415 2555 Ambr.
1446 2493 1678 2554 Haude.
1701 2502 1738 2555 2
1765 2493 1903 2555 voll.

557 2627 640 2641 ·-
680 2593 1107 2671 Heidelbergae.
1163 2590 1266 2650 fol.
1320 2590 1381 2649 in
1429 2590 1670 2668 Scriptt.
1713 2591 1869 2652 Hist.
1919 2592 2091 2652 Rom.
2141 2592 2221 2652 ab
2264 2592 2545 2655 Haurisio
2575 2593 2761 2655 editis·

640 2692 818 2751 Tom.
849 2707 961 2751 111.

567 2798 720 2859 1749
765 2786 1028 2848 Londini.
1076 2795 1167 2847 12.
1210 2785 1502 2863 Repetitio
1529 2784 1629 2846 ed.
1658 2785 1850 2847 Mich.
1879 2787 2199 2849 Maittairii.

568 2895 720 2956 1750
763 2885 1064 2963 Glasguae.
1093 2882 1199 2943 fol.
1219 2885 1289 2943 C.
1317 2883 1457 2943 Julii
1486 2883 1733 2944 Caesaris
1760 2896 1821 2945 et
1845 2888 1919 2946 Α.
1952 2886 2127 2946 Hirtii
2155 2884 2230 2945 de
2258 2886 2434 2947 rebus
2465 2907 2504 2947 a
2532 2887 2759 2950 Caesare

640 2981 819 3061 gestis
839 2980 1274 3040 Commentarii.
1324 2981 1477 3041 Cum
1500 2982 1878 3060 Fragmentis.
1934 2985 2326 3044 Accesserunt
2346 2983 2587 3046 Indices
2615 2986 2759 3045 loco·

641 3101 791 3152 rum,
843 3098 1157 3158 rerumque
1203 3089 1264 3138 et
1311 3079 1641 3141 verborum.
1710 3080 1928 3141 Omnia
1973 3102 2046 3141 ex
2089 3082 2431 3144 recensione
2480 3083 2758 3144 Samuelis

642 3177 861 3239 Clarke
900 3175 1152 3241 fideliter
1176 3194 1464 3254 expressa.
1515 3177 1809 3255 Glasguae,
1841 3177 1901 3245 in
1928 3177 2154 3237 aedibus
2182 3177 2564 3250 academicis,
2589 3199 2757 3239 excu-

642 3276 864 3337 debant
926 3275 1217 3337 Robertus
1253 3282 1315 3333 et
1352 3272 1617 3333 Andreas
1651 3274 2465 3348 Poulis.—Venustissimum,
2496 3276 2761 3338 nitidissi-

641 3374 748 3435 mis
773 3372 953 3434 literis
983 3374 1127 3433 etin
1157 3371 1578 3432 candidissimis
1607 3373 1821 3433 chartis
1860 3394 1934 3433 ex
1973 3373 2181 3450 majori
2226 3373 2449 3434 Clarkii
2487 3374 2756 3446 editione,

641 3472 764 3532 sine
792 3470 944 3532 uotis
984 3480 1201 3542 tamen,
1230 3482 1289 3531 et
1328 3471 1557 3548 absque
1578 3471 1837 3549 capitum
1865 3480 1927 3531 et
1973 3471 2478 3549 paragraphorum
2527 3472 2756 3535 distinc-

639 3571 816 3640 tione,
846 3567 1070 3629 codicis
1097 3567 1470 3645 pulcherrimi
1495 3567 2062 3647 iustar‘descriptum
2088 3569 2448 3648 exemplum.

559 3698 640 3716 --
686 3665 928 3735 Eadem,
956 3663 1098 3723 ibid.
1128 3673 1187 3723 4.
1607 3718 1614 3725 ,

562 3797 645 3813 —
682 3761 924 3831 Eadem,
950 3760 1094 3821 ibid.
1148 3768 1241 3821 12.
1295 3766 1331 3820 3
1371 3760 1512 3820 voli.

562 3894 643 3907 -—-
685 3858 1018 3936 Rotomagi.
1055 3866 1146 3918 12.
1176 3876 1275 3934 ap.
1304 3857 1437 3918 Nic.
1469 3859 1818 3934 Lallemant,
1837 3882 1911 3922 ex
1938 3881 2056 3922 rec.
2086 3860 2384 3940 Scaligeri.

568 3963 716 4026 1751
765 3952 1015 4013 Giessae.
1048 3962 1103 4015 8.
1133 3973 1268 4013 cum
1291 3953 1449 4013 'notis
1478 3976 1660 4033 germ.
1706 3958 1953 4018 Sinceri.

568 4059 720 4119 1753
766 4050 1039 4110 Londini.
1070 4059 1125 4111 8.
1169 4069 1303 4109 cum
1333 4053 1805 4113 annotationibus
1830 4057 1985 4114 Sam.
2017 4054 2249 4115 Clarke.

569 4156 718 4217 1755
762 4147 998 4226 Lipsiae.
1032 4158 1087 4209 8.
1118 4169 1189 4208 ex
1217 4167 1335 4207 rec.
1358 4157 1575 4208 etcum
1604 4152 1756 4215 notis
1785 4153 2125 4232 christoph.
2153 4150 2407 4211 Cellarii.

561 4278 642 4296 ·-·
684 4245 930 4308 Parisiis.
966 4245 1057 4308 16.
1086 4247 1158 4309 C.
1183 4246 1218 4307 J
1224 4245 1322 4306 ulii
1348 4245 1599 4308 Caesaris
1628 4250 2192 4313 Commentariorum
2220 4249 2298 4310 de
2321 4248 2479 4310 bello
2507 4247 2740 4316 Gallico,
