3017 4925
449 345 625 413 1704
1052 364 1112 415 s.
1159 361 1370 413 canai
1421 359 1955 418 conmanunt!

442 510 573 590 ejus
598 525 780 590 opera
804 529 996 593 nuper
1016 523 1328 595 acceptam
1352 535 1504 587 esse,
1526 515 1687 595 quod
1715 516 1844 595 ipse
1864 514 1967 594 qui
1995 509 2324 593 praefuisset
2339 509 2646 575 Eductam

445 608 750 689 equitatui,
778 612 1048 672 simulato
1093 621 1257 673 metu
1283 613 1506 692 primus
1553 611 1779 692 fugiens
1806 621 2052 672 caeteros
2080 610 2277 691 fugere
2323 609 2645 672 docuisset.

445 704 506 766 ls
547 715 674 769 erat
710 709 1037 770 Domnorix
1077 709 1278 788 junior
1324 708 1505 770 frater
1549 709 1848 778 Divitiaci‚
1881 709 1983 789 qui
2021 717 2164 769 tunc
2208 707 2369 787 apud
2427 706 2648 779 Editus,

447 803 672 882 collega
710 804 905 875 Lisco,
936 824 1178 865 summoe
1202 825 1393 866 rerum
1421 814 1691 885 praeerat.
1771 806 1829 843 ⁸²
1843 806 2036 885 Cujus
2065 825 2138 866 ne
2183 824 2322 886 erga
2349 807 2650 867 Romanos

446 915 519 960 ac
568 901 859 960 Caesarem
911 902 1334 980 spectatissima
1389 901 1539 963 fides
1592 911 1738 963 erat.
1845 909 1938 962 Ac
2002 903 2327 964 Domnorix
2392 899 2648 961 multum

445 1013 483 1055 a
538 994 716 1056 fintra
768 996 1031 1058 diversus
1083 997 1321 1082 occulto
1367 999 1768 1059 Romanorum
1815 999 1955 1058 odio
2006 1009 2186 1080 atque
2243 997 2651 1059 Helvetiorum

444 1092 642 1152 studio
662 1095 975 1154 aestuabat.
1060 1096 1214 1155 Nam
1242 1106 1301 1157 et
1330 1096 1559 1156 illorum
1589 1096 1665 1156 de
1694 1107 1864 1175 gente
1891 1097 2251 1157 nobilissimo
2278 1104 2468 1156 ortam
2511 1093 2654 1152 loco

443 1190 761 1269 conjugem
783 1193 1063 1263 habebat,
1085 1194 1293 1254 adboec
1322 1214 1561 1271 magnas
1588 1194 1873 1254 amicitias
1899 1207 1958 1255 et
1983 1193 2360 1255 finitimarum
2388 1191 2650 1271 gentium

442 1285 724 1360 favorem,
755 1288 916 1347 domi
960 1309 1200 1369 quoque
1246 1290 1322 1350 de
1369 1290 1754 1368 vectigalibus
1798 1291 2073 1371 publicis,
2104 1293 2165 1351 iu
2208 1292 2422 1371 quibus
2458 1308 2520 1350 se
2563 1286 2668 1347 illi-

442 1381 724 1444 licitando
769 1404 1070 1464 opponere
1114 1388 1305 1448 nullus
1348 1388 1616 1461 auderet,
1650 1389 1727 1448 ad
1775 1389 2081 1450 immensas
2133 1389 2362 1449 divitias
2402 1403 2654 1467 pronum

446 1478 591 1543 iter:
638 1483 725 1543 bis
752 1503 992 1564 quoque
1021 1485 1298 1544 omnibus
1340 1504 1508 1563 spem
1542 1505 1658 1543 non
1684 1483 1761 1544 ad
1790 1485 1974 1545 altum
2001 1486 2201 1556 modo,
2231 1484 2331 1545 sed
2380 1484 2453 1544 ad
2498 1502 2660 1542 sum·

445 1595 603 1640 mum
631 1580 882 1658 gradum
925 1581 1207 1660 regnique
1248 1580 1542 1659 fastigium
1578 1580 1844 1641 ostendi:
1889 1570 2268 1658 quae'cunctu
2296 1579 2407 1640 sibi
2443 1577 2656 1640 frivola

445 1685 624 1753 atque
651 1678 768 1737 alio
808 1698 1078 1739 recasura
1105 1680 1377 1738 Romano
1406 1678 1517 1738 sub
1545 1677 1794 1757 imperio
1822 1678 2169 1756 providebat
2193 1693 2208 1738 ι
2254 1698 2432 1757 super
2456 1678 2658 1737 omnia

447 1774 846 1835 Romanorum
865 1776 1103 1852 judicio
1131 1796 1194 1836 se
1220 1775 1383 1837 fratri
1411 1777 1820 1856 posthabitum
1847 1777 2262 1854 indignabatur
2286 1795 2359 1837 ac
2387 1775 2653 1835 dolebat.

447 1871 524 1932 Et
579 1873 975 1934 Romanorum
1033 1874 1399 1952 Caesarisque
1444 1875 1819 1952 praeentiam
1853 1873 2063 1934 oderat
2105 1882 2287 1951 atque
2330 1872 2656 1952 potentiam

448 1969 822 2031 vehementer
876 1972 1168 2032 horrebat.
1251 1971 1485 2041 Quibus
1528 1972 1706 2032 rebus
1752 1972 1955 2032 Caesar
1993 1971 2244 2051 cognitis
2276 1970 2448 2049 justa
2493 1985 2662 2030 com-

447 2076 646 2125 motus
686 2066 989 2128 iracundia
1014 2069 1202 2148 primo
1237 2069 1474 2148 quidem
1516 2069 1589 2128 de
1615 2067 1799 2147 ipsius
1847 2069 2138 2149 supplicio
2174 2068 2477 2148 cogitavit.
2557 2066 2656 2126 Ad

449 2159 566 2222 hoc
594 2162 749 2222 enim
776 2165 1005 2244 singula
1043 2166 1298 2228 animum
1340 2167 1725 2240 inclinabant,
1752 2176 1812 2227 et
1855 2167 2003 2227 nihil
2050 2167 2110 2225 in
2149 2166 2322 2226 rebus
2365 2171 2490 2224 erat
2535 2181 2659 2223 am·

448 2258 650 2339 bigui:
683 2264 1185 2324 unumomnibus
1232 2264 1322 2325 his
1375 2265 1651 2325 obstabat
1690 2284 1854 2325 amor
1899 2263 2131 2324 fratris:
2177 2263 2312 2323 hinc
2337 2264 2662 2323 ⁸³reeente1·

450 2354 704 2430 distulit,
734 2379 809 2420 ne
839 2360 1033 2421 minus
1073 2360 1234 2440 apud
1263 2382 1400 2422 eum
1427 2360 1723 2422 videretur
1747 2361 1999 2442 ,majoris
2025 2358 2220 2420 fratris
2265 2359 2436 2431 fides,
2483 2375 2670 2438 quam-

449 2454 694 2517 minoris
718 2456 966 2536 perfidia
994 2458 1269 2520 valuisse.
1352 2458 1646 2519 Divitiaco
1690 2457 1865 2537 igitur
1891 2467 2140 2519 evocato
2170 2467 2356 2519 totam
2389 2456 2662 2517 fraternae

451 2553 732 2631 nequitioe
758 2556 967 2634 pandit
986 2557 1476 2637 historiam,petit
1503 2567 1573 2618 ut
1600 2557 1689 2616 vel
1711 2557 1837 2635 ipse
1864 2556 1924 2617 in
1951 2576 2084 2616 eum
2107 2554 2551 2625 animadvertat,
2567 2552 2663 2614 rel

454 2648 504 2711 si
530 2651 720 2728 pietas
758 2653 1049 2732 justitiam
1076 2664 1418 2727 remoratur,
1451 2674 1558 2734 per
1582 2654 1867 2732 populum
1896 2651 2282 2712 animadverti
2310 2651 2470 2729 velit,
2552 2651 2662 2710 Ille

450 2744 725 2827 lacrymis
779 2762 1044 2823 manans,
1082 2770 1274 2830 neque
1314 2770 1604 2811 excusans
1640 2749 1834 2809 fratris
1878 2748 2192 2819 insaniam,
2217 2746 2320 2807 sed
2371 2762 2662 2811 accusans

452 2845 660 2904 nonin
705 2844 848 2906 alios
880 2857 1129 2921 tantum,
1158 2850 1262 2909 sed
1305 2851 1362 2909 in
1412 2869 1496 2909 se.
1581 2849 1778 2917 Quem
1821 2866 1958 2907 cum
1998 2856 2206 2906 natura
2245 2844 2663 2924 conjunctissi-

450 2960 614 3001 mum
652 2942 912 3016 fecisset,
942 2944 1231 3006 beneficia
1271 2964 1405 3005 vere
1429 2944 1891 3023 conjunctiorem
1935 2941 2132 3002 facere
2169 2941 2535 3013 debuissent,
2556 2942 2662 3020 qui

454 3038 567 3099 sub
592 3058 651 3099 se
693 3058 811 3101 non
836 3052 920 3125 ,ut
960 3043 1160 3116 frater,
1206 3043 1308 3103 sed
1353 3053 1418 3102 ut
1462 3041 1616 3101 filius
1642 3040 1938 3112 crevisset,
1959 3039 2095 3119 [27]
2129 3049 2190 3100 et
2215 3039 2379 3100 omni
2417 3059 2526 3098 suo
2567 3040 2662 3099 in-

456 3146 757 3197 cremento
784 3158 901 3200 non
928 3140 1185 3201 auctoris
1225 3142 1284 3200 in
1313 3140 1594 3201 damnum
1640 3136 1842 3208 modo,
1890 3137 1993 3197 sed
2042 3157 2195 3217 pene
2236 3137 2296 3196 in
2340 3134 2662 3215 perniciem

453 3248 595 3293 usus
635 3246 816 3297 esset:
861 3258 970 3299 nec
998 3247 1214 3318 praeter
1239 3257 1309 3298 ea
1338 3236 1665 3315 quidquam
1693 3254 1912 3314 negans
1935 3237 2190 3294 omnium
2212 3253 2348 3313 quae
2372 3253 2408 3293 a
2428 3234 2666 3295 Caesare

376 3331 383 3335 ’
454 3328 806 3405 dicerentur,
844 3354 965 3413 quo
1006 3333 1313 3395 coufessus
1340 3333 1564 3394 veniam
1594 3331 1823 3394 facilius
1846 3331 2167 3392 inveniret:
2221 3330 2327 3392 sed
2366 3338 2507 3391 nota
2550 3329 2661 3390 sibi

453 3425 659 3497 dicens
686 3432 884 3492 omnia
909 3451 1091 3511 seque
1118 3452 1192 3492 ex
1220 3430 1309 3490 his
1328 3429 1610 3501 dolorem,
1631 3437 1885 3509 quantus
1909 3428 2029 3488 ulla
2056 3429 2130 3488 de
2151 3448 2213 3488 re
2233 3427 2371 3506 capi
2399 3442 2659 3507 unquam

451 3536 674 3604 posset,
717 3536 778 3588 et
819 3549 1031 3608 capere
1083 3538 1145 3589 et
1184 3527 1443 3607 cepisse:
1486 3527 1726 3589 tandem
1767 3525 2140 3605 ⁸⁴singulares
2184 3525 2553 3597 obsecrabat,
2597 3532 2667 3590 ut

451 3620 692 3683 fratrem
714 3625 829 3686 sibi
857 3626 1345 3703 qualitercunque
1372 3625 1642 3686 meritum
1669 3625 2049 3694 condonaret,
2078 3642 2150 3682 eo
2174 3623 2520 3700 praesertim,
2538 3636 2668 3701 qno

453 3719 695 3798 publice
715 3740 852 3800 erga
896 3742 957 3781 se
985 3721 1225 3801 cognito
1263 3722 1509 3783 Caesaris
1536 3722 1775 3793 affectu,
1806 3719 1998 3799 siquid
2047 3721 2110 3783 iu
2147 3740 2282 3780 eum
2313 3730 2668 3785 statueretur

455 3819 744 3895 asperius,
768 3818 970 3877 ⁸⁵nulli
1006 3817 1066 3877 in
1114 3818 1373 3879 animum
1401 3818 1621 3878 veniret
1664 3817 1780 3877 sine
1822 3817 2003 3896 ipsius
2044 3817 2415 3880 conscientia
2437 3816 2664 3880 factum

456 3931 621 3978 esse:
670 3932 808 3991 quas
850 3914 1116 3992 suspicio
1171 3913 1434 3975 omnium
1470 3914 1725 3992 populos
1769 3913 2099 3976 Galliarum
2139 3914 2255 3976 sibi
2290 3915 2668 3977 vehementer

523 4078 590 4126 82
622 4075 781 4140 Lege,
819 4075 1185 4140 &usqum-88
1216 4076 1492 4128 Sententia
1523 4077 1625 4127 loci
1661 4077 1894 4143 postulat
1922 4076 2223 4142 supplicium,
2259 4080 2352 4126 aut
2389 4074 2674 4138 vindictam,

458 4158 551 4207 ant
570 4156 677 4206 tale
698 4156 975 4221 quide-8⁴
996 4158 1158 4224 Lege,
1172 4152 1634 4221 awriten-85
1649 4158 1875 4210 Videtur
1887 4158 2182 4223 legendum,
2194 4156 2314 4208 num
2345 4172 2438 4209 m
2473 4157 2529 4207 ἐκ
2561 4156 2670 4209 csi-

455 4236 1088 4305 momenti-cipum
1120 4240 1878 4304 mneientiamfnetmaoe:
1915 4240 2357 4295 videon-10²⁰·
2523 4244 2528 4247 '
