3017 4925
440 404 615 474 1686
1254 420 1359 469 sn
1407 417 1830 469 mororum.

438 569 667 655 pulum
694 566 823 635 sibi
853 567 1183 636 exemisse
1221 561 1641 631 G'rerhardum
1674 565 1721 633 J
1724 584 2001 636 oannem
2028 563 2373 631 Vossium.
2459 560 2634 626 Eum

437 674 611 740 enim
637 674 873 739 docere
895 672 1077 737 Celsi
1098 670 1602 736 commentarios
1630 669 1708 744 δὶς
1733 671 1824 732 διὰ
1846 675 2042 733 πασῶν
2068 689 2111 735 a
2132 666 2632 733 Commentariis

439 773 733 842 Caesaris
762 775 1036 853 differre,
1077 783 1148 835 ut
1176 772 1399 852 sciunt,
1444 771 1651 836 verba
1675 778 1832 836 sunt
1857 772 2111 851 Vossii,
2158 769 2268 857 qui
2312 790 2449 833 cum
2498 765 2632 831 Cae-

434 899 571 943 sare
625 876 1009 942 contulerunt
1054 874 1382 940 editionem
1440 871 1606 938 Celsi
1652 874 1806 937 anni
1859 889 2382 939 Mccchxxm.
2430 870 2631 955 paulo

436 986 593 1067 post
619 983 953 1047 subnectit
991 979 1095 1044 his
1126 978 1530 1045 Godwinus:
1580 975 1722 1066 Ego
1763 998 1903 1041 vero
1931 974 2159 1064 fateor
2199 997 2294 1039 me
2336 969 2631 1060 ejusmodi

440 1082 606 1150 Celsi
636 1083 960 1148 editionem
990 1103 1154 1146 anno
1184 1099 1302 1147 clo
1327 1076 2088 1166 cccchxx111.sactam,
2118 1078 2395 1193 quamvis
2423 1073 2630 1141 sedula

432 1186 502 1251 in
530 1184 929 1252 celeberrimis
960 1183 1362 1250 Bibliotheca
1391 1182 1773 1272 requisitam,
1805 1205 1928 1247 non
1962 1181 2278 1247 invenisse.
2351 1179 2632 1264 Accipis

432 1290 627 1376 igitur
651 1309 824 1354 nunc
866 1289 976 1354 hic
1003 1289 1155 1354 illos
1182 1288 1526 1372 quaesitoS,
1567 1294 1634 1352 et
1660 1307 1703 1350 a
1729 1286 1954 1351 multis
1985 1286 2146 1350 viris
2177 1284 2393 1350 doctis
2421 1300 2627 1366 expe-

429 1391 589 1457 titos
610 1390 663 1455 J
665 1391 782 1455 ulu
813 1389 991 1455 Celsi
1021 1390 1551 1456 commentarios,
1641 1387 1822 1452 Nam
1857 1388 2031 1451 hunc
2072 1385 2357 1450 indicem
2406 1383 2628 1467 magni

427 1490 664 1559 Vossii
723 1495 1183 1560 auctoritatem
1240 1493 1450 1557 secuti
1506 1490 1958 1577 praefixerunt,
2018 1489 2325 1573 quamvis
2380 1506 2501 1553 nec
2556 1486 2629 1550 in

426 1595 637 1661 fronte
666 1597 867 1676 illius,
896 1595 1072 1660 unde
1101 1596 1250 1661 haec
1279 1595 1522 1680 prodit,
1559 1593 1869 1659 editionis
1897 1592 2184 1657 auctoris
2210 1610 2467 1669 nomen,
2509 1596 2629 1655 aut

427 1697 643 1782 ipsius
668 1698 822 1763 libri
849 1704 913 1763 et
939 1699 1082 1784 ejus
1109 1698 1477 1780 arg-umenti
1507 1695 1853 1779 inscriptio
1882 1694 2353 1778 conspiciatur,
2397 1712 2520 1758 nec
2556 1693 2626 1758 in

430 1801 640 1880 calce,
672 1802 739 1865 in
769 1820 902 1886 qua
944 1807 1198 1868 tantum
1243 1797 1516 1894 legitur:
1565 1796 1852 1885 Explicit
1900 1795 2076 1861 liber.
2167 1793 2308 1860 Deo
2353 1795 2624 1882 gratias.

427 1900 617 1966 Anno
650 1899 916 1966 Domini
947 1921 1065 1971 clo
1100 1909 1706 1982 ccconxx111„ut
1731 1902 1971 1967 rectius
2016 1887 2398 1983 scriptorem
2425 1899 2625 1984 hujus

426 2008 878 2073 commentarii
931 2008 1292 2093 Dionysius
1343 2007 1634 2073 Vossius
1682 2026 2074 2092 anonymum
2117 2012 2330 2072 vocet.
2430 2005 2623 2072 Certe
2739 2011 2745 2017 '

422 2106 646 2174 Julius
694 2110 929 2175 Celsus
980 2111 1048 2176 in
1096 2112 1211 2176 illo
1260 2111 1588 2190 laudatur,
1640 2118 1718 2176 ut
1774 2109 1956 2175 Celsi
2003 2127 2153 2174 esse
2201 2127 2331 2173 non
2383 2108 2622 2194 possit.

425 2210 605 2276 Nam
647 2231 798 2277 cum
837 2213 897 2277 is
943 2221 1520 2279 commemorasset
1566 2213 1823 2278 cladem
1871 2212 2199 2277 Romanae
2246 2211 2492 2294 legioni
2534 2211 2622 2275 ab

422 2312 805 2398 Ambiorige
832 2316 1122 2383 illatam:
1170 2313 1570 2394 admonuisse,
1601 2315 1838 2399 inquit,
1869 2313 2148 2379 lectorem
2176 2311 2416 2392 vellm,
2459 2311 2627 2399 quod

423 2412 751 2482 Suetonius
787 2415 1215 2506 Tranquillus,
1245 2431 1463 2485 auctor
1490 2418 1875 2499 certissimus,
1926 2414 2384 2483 Germanorum
2413 2412 2525 2479 hoc
2552 2414 2621 2480 in

396 2515 644 2602 finibus
687 2520 976 2585 accidisse
1018 2521 1112 2585 ait
1134 2550 1155 2590 .-
1209 2520 1427 2587 Julius
1457 2532 1666 2586 autem
1699 2518 1909 2586 Celsus
1955 2541 2166 2598 comes,
2207 2520 2403 2605 etqui
2441 2516 2622 2585 rebus

418 2619 736 2707 interfuit,
772 2621 1144 2691 Eburonum
1168 2624 1235 2691 in
1247 2625 1766 2711 finibusfactum
1795 2634 2010 2691 censet.
2086 2623 2389 2688 Meminit
2415 2621 2620 2689 etiam

418 2722 601 2790 Celsi
650 2726 719 2790 in
765 2727 917 2792 aliis
958 2728 1151 2807 locis,
1190 2729 1496 2812 inprimis
1542 2728 1614 2791 in
1657 2729 1798 2807 illo,
1843 2728 1961 2792 ubi
2013 2731 2235 2790 narrat
2281 2725 2620 2792 Caesarem

416 2825 730 2891 Bibracte
770 2828 1072 2912 hyemare
1115 2831 1554 2908 constituisse,
1603 2828 1688 2893 de
1733 2848 1867 2913 quo
1913 2830 2062 2913 ipse
2109 2825 2343 2894 Caesar
2372 2831 2511 2912 agit
2549 2830 2617 2895 in

414 2926 889 2994 Commentarii
939 2931 1202 3014 septimi
1250 2929 1332 2995 de
1380 2931 1554 2996 bello
1613 2929 1881 2996 Gallico
1929 2928 2077 2995 fine.
2168 2926 2326 3008 Hic,
2378 2931 2614 3015 inquit,

409 3029 630 3113 incipit
656 3040 907 3095 octavus
956 3029 1550 3098 Commentariorum
1583 3030 1741 3097 liber
1770 3053 1948 3119 quem
1983 3028 2154 3116 fecit
2204 3029 2421 3096 Julius
2471 3030 2616 3098 Cet-

408 3152 552 3205 sus,·
593 3143 813 3218 septem
844 3145 1049 3199 autem
1070 3136 1305 3221 primos
1339 3147 1397 3200 et
1443 3157 1629 3223 usque
1670 3134 1760 3201 ad
1808 3134 1969 3199 hunc
2004 3154 2250 3218 passum
2272 3132 2443 3220 fecit
2486 3135 2612 3219 ipse

414 3231 644 3314 Caesar,
673 3235 954 3321 quamvis
982 3236 1080 3301 hic
1111 3248 1287 3303 actor
1314 3238 1476 3326 (leg.
1507 3237 1757 3324 auctor)
1799 3238 2043 3324 aliquot
2081 3236 2149 3301 in
2178 3234 2326 3302 locis
2361 3246 2611 3303 contra-

409 3335 584 3419 dicit,
643 3348 701 3401 et
754 3337 917 3402 male
978 3338 1270 3406 Cicerone
1314 3352 1483 3421 teste,
1529 3344 1587 3406 et
1635 3342 1767 3428 ipso
1823 3338 2001 3405 Celso
2054 3340 2119 3404 in
2168 3337 2425 3427 prologo
2477 3359 2609 3404 suo.

406 3440 588 3507 Haec
616 3449 838 3509 tamen
864 3463 999 3509 non
1027 3444 1334 3511 videntur
1361 3446 1576 3530 ipsius
1604 3447 1909 3531 anonymi
1937 3464 2111 3523 esse,
2141 3443 2261 3508 sed
2289 3443 2375 3508 ab
2403 3441 2612 3527 impe-

405 3544 530 3607 rito
596 3543 859 3609 homine
928 3548 1243 3632 ascripta,
1291 3548 1405 3632 qui
1453 3549 1625 3612 hunc
1675 3548 1989 3631 anonymi
2035 3547 2276 3612 librum
2327 3545 2611 3611 credidit

404 3664 551 3709 esse
598 3645 789 3730 ipsos
841 3645 1135 3714 Caesaris
1193 3649 1736 3729 CommentariOS,
1796 3670 1948 3714 cum
2005 3668 2369 3732 anonymus
2424 3646 2472 3711 J
2472 3647 2610 3712 ulio

407 3745 610 3811 Celso
639 3748 789 3813 illos
817 3750 1085 3830 tribuat,
1115 3756 1189 3815 ut
1214 3772 1302 3816 ex
1329 3754 1550 3817 verbis
1580 3753 1684 3816 his
1711 3751 1933 3817 videre
1958 3751 2138 3828 licet,
2160 3747 2378 3813 Julius
2405 3758 2612 3813 autem

410 3845 621 3912 Celsus
651 3870 864 3931 comes,
896 3862 955 3914 et
985 3852 1095 3940 qui
1126 3851 1304 3918 rebus
1339 3852 1656 3940 interfuit,
1700 3851 2067 3919 Eburonum
2095 3852 2162 3916 in
2194 3850 2433 3936 finibus
2451 3848 2611 3939 fac-

401 3960 530 4016 tum
564 3964 775 4018 cernet.
867 3954 1047 4020 Nam
1075 3958 1144 4021 in
1173 3955 1441 4023 Caesare
1468 3958 1771 4039 legimuS,
1814 3956 2118 4021 victoriae
2150 3955 2328 4019 illius
2367 3954 2606 4019 Ambi-

396 4057 648 4139 origem
693 4059 974 4142 potitum
1011 4079 1157 4123 esse
1202 4061 1270 4124 in
1316 4060 1737 4126 Eburonibus
1783 4059 1886 4125 sui
1924 4058 2099 4143 juris
2141 4058 2436 4143 populis.
2524 4056 2604 4121 si

398 4177 763 4244 anonymus
793 4167 896 4225 est
920 4166 1149 4226 auctor
1174 4163 1455 4242 illorum,
1497 4182 1654 4247 quae
1697 4160 1780 4225 de
1826 4160 2052 4227 octavi
2093 4159 2244 4224 libri
2284 4158 2603 4242 scriptore

396 4259 579 4343 apud
606 4260 788 4327 illum
816 4262 1082 4346 prodita
1108 4264 1308 4330 modo
1336 4266 1794 4349 cognovimus,
1827 4282 2022 4349 aeque
2046 4280 2239 4327 suum
2275 4277 2602 4326 commcn-
