3017 4925
536 353 716 425 2044
1245 368 1560 419 nornis
1609 368 2053 424 mmmmm.

541 514 774 596 polerit,
799 532 1098 593 nunquam
1128 511 1435 576 iufitebor:
1494 520 1561 573 ut
1575 514 1865 573 Caesarem
1893 515 2085 571 totum
2112 510 2434 574 immutarit
2458 511 2549 572 sic
2580 508 2743 591 quasi

545 613 810 675 ,tustinus
838 613 1124 690 Trogum,
1166 610 1418 687 ignosce,
1461 629 1537 667 ne
1576 618 1680 668 tua
1722 608 1957 686 quidem
2000 628 2178 669 causa
2204 629 2444 687 possum
2487 609 2745 669 credere.

523 712 640 770 ‚De
669 709 801 769 stilo
818 707 977 787 quod
1000 709 1098 779 ais,
1128 708 1175 766 si
1199 727 1398 767 verum
1421 707 1761 785 quaerimus,
1782 706 1842 764 bi
1868 705 1944 765 de
1974 706 2130 765 bello
2149 706 2387 766 Gallico
2415 706 2752 785 discrepant

545 807 910 886 aliquantum
940 803 1164 862 ab·illis
1192 802 1269 862 de
1296 803 1489 874 Civili,
1529 801 1633 861 filo
1661 803 1956 873 orationis,
1988 813 2049 863 et
2075 802 2199 863 fieri
2227 814 2442 881 potest,
2471 814 2541 865 ut
2586 806 2755 864 inter·

531 904 732 983 ,polati
783 903 917 970 sint,
968 910 1032 960 ut
1086 900 1244 960 dixi:
1309 919 1423 960 non
1477 908 1672 958 tamen
1722 900 1821 970 ita,
1870 910 1932 958 ut
1991 899 2309 958 similitudo
2364 901 2476 960 oris
2512 920 2753 979 prorsus

527 1000 866 1066 ,evanue-rit,
893 1008 954 1059 et
974 997 1241 1075 quamvis
1269 997 1488 1075 gemini
1508 997 1640 1067 sint,
1660 995 1863 1056 fratres
1892 1006 2086 1056 tamen
2113 1018 2239 1056 esse
2261 1017 2334 1056 ex
2362 1000 2494 1076 ipsa
2533 999 2754 1059 ratione

541 1096 841 1157 scribendi
890 1100 1218 1173 agnoscas!
1299 1096 1448 1155 Haec
1496 1094 1571 1153 ad
1616 1093 1952 1154 carrionem
1999 1096 2250 1172 Lipsius.
2340 1096 2520 1155 Error
2563 1105 2755 1155 autem

547 1212 668 1254 nou
697 1193 907 1253 exinde
935 1203 1105 1254 natus
1133 1203 1244 1263 est,
1277 1201 1343 1251 ut
1382 1192 1564 1251 citato
1608 1192 2090 1271 Meuagianorum
2119 1191 2254 1250 loco
2291 1191 2565 1264 traditur,
2597 1190 2755 1270 quod

546 1291 736 1351 Julius
762 1292 969 1351 Celsus
1000 1291 1178 1351 vitam
1210 1291 1456 1353 Caesaris
1484 1290 1739 1369 scripsit,
1763 1289 1866 1349 sed
1889 1287 2049 1369 quod
2075 1290 2541 1359 Grammaticus,
2570 1284 2755 1348 Julius

550 1389 760 1450 Celsus
804 1390 1226 1449 Constantinus
1264 1388 1515 1457 nomine,
1564 1388 1665 1465 qui
1706 1389 1955 1448 Caesaris
2000 1387 2295 1447 recensuit
2337 1396 2401 1446 et
2455 1385 2760 1465 castigavit

553 1487 1024 1557 commentarios,
1071 1487 1131 1545 in
1175 1486 1255 1544 rei
1302 1485 1699 1545 testimonium
1746 1485 1820 1544 ad
1865 1486 2090 1546 calcem
2143 1484 2452 1544 voluminis
2493 1483 2761 1563 ascripsit

553 1581 683 1643 haec
728 1584 936 1649 verba:
1004 1591 1020 1615 ‘
1048 1583 1239 1644 Julius
1281 1580 1489 1642 Celsus
1528 1583 1940 1643 Constantinus
1970 1584 2069 1641 ¹V.
2094 1582 2166 1641 C.
2217 1581 2369 1660 legi,’
2417 1581 2564 1652 sive,
2598 1591 2665 1640 ut
2703 1580 2759 1638 in

535 1678 913 1759 ,quibusdam
960 1677 1137 1739 codd.
1168 1689 1367 1740 extat:
1413 1686 1431 1711 ‘
1459 1679 1652 1740 Julius
1679 1681 1880 1739 Celsus
1920 1679 2022 1738 Vir
2049 1676 2292 1738 Clariss.
2337 1686 2397 1738 et
2438 1680 2658 1738 Comes
2686 1697 2767 1737 re-

558 1778 800 1838 censui!
881 1778 1034 1836 Cum
1076 1777 1276 1855 itaque
1315 1779 1587 1857 exempla
1634 1777 1710 1837 ad
1756 1779 1909 1837 hanc
1952 1777 2351 1836 recensionem
2399 1784 2613 1835 exacta
2659 1794 2763 1854 pro

556 1874 1057 1939 emendatioribus
1103 1875 1474 1947 haberentur,
1515 1875 1738 1934 factum
1782 1885 1892 1946 est,
1922 1884 1987 1935 ut
2033 1874 2268 1944 librarii,
2312 1893 2434 1953 quo
2480 1872 2766 1952 majorem

556 1972 963 2033 auctoritatem
992 1971 1111 2030 suis
1138 1972 1417 2030 adderent
1446 1970 1773 2043 codicibus,
1801 1972 1884 2031 eis
1932 1972 2084 2031 hanc
2113 1969 2484 2051 praeligerent
2523 1970 2770 2050 inscrip-

539 2069 801 2140 .tionem,
831 2088 968 2147 quae
993 2068 1310 2130 etiamnum
1340 2069 1396 2128 in
1428 2070 1724 2129 nonnullis
1748 2070 1924 2130 MSS.
1944 2069 2191 2148 legitur;
2233 2079 2254 2110 ‘
2272 2069 2344 2128 C.
2365 2068 2510 2129 Julii
2523 2068 2770 2130 Caesaris

559 2185 666 2246 per
692 2168 725 2228 J
733 2166 912 2226 ulium
942 2166 1181 2227 Celsum
1218 2167 1664 2227 commentarii.'
1746 2169 2015 2229 Fortasse
2043 2187 2159 2226 non
2184 2167 2479 2237 erraverit,
2508 2164 2770 2244 quicum

559 2263 792 2325 erudito
835 2264 981 2334 viru,
1013 2265 1311 2327 Bernardo
1360 2267 1626 2338 Moneta,
1673 2266 1787 2326 sibi
1817 2267 2181 2346 persuaserit,
2212 2265 2391 2325 libros
2422 2264 2610 2324 hosce
2653 2273 2768 2324 tres

541 2360 638 2421 -de
682 2361 798 2421 vita
846 2362 1092 2422 Caesaris
1130 2372 1432 2424 auctorem
1472 2364 1690 2425 habere
1718 2365 2094 2425 Franciscum
2124 2362 2515 2423 Petu-archam
2533 2384 2554 2421 .·
2612 2370 2768 2423 certe

560 2460 952 2538 fragmentum
990 2458 1068 2520 de
1116 2460 1272 2521 bello
1319 2461 1656 2541 Hispanico,
1714 2462 1872 2541 quod
1918 2462 2387 2541 Jungermannus
2442 2482 2519 2520 ex
2561 2458 2769 2520 codice

561 2556 880 2618 Petaviano
906 2556 1116 2629 edidit,
1142 2559 1480 2619 Petrarcliae
1508 2558 1724 2619 diserte
1765 2560 1825 2618 in
1855 2559 1956 2619 illo
1974 2560 2107 2619 MS.
2139 2559 2432 2628 tribuitur,
2478 2556 2664 2634 idque
2702 2574 2769 2615 ex

563 2653 718 2715 libro
749 2671 859 2715 111.
911 2674 972 2734 p.
1009 2663 1288 2727 185-191.
1334 2654 1477 2715 edit.
1523 2653 1966 2715 Graevianae-ad
2011 2655 2253 2714 verbum
2300 2664 2394 2714 est
2432 2654 2772 2731 repetitum.

569 2752 729 2813 Citat
769 2764 994 2824 auctor,
1041 2753 1304 2832 quisquis
1346 2764 1455 2823 est,
1504 2762 1790 2833 praeterea
1825 2756 1863 2815 J
1869 2753 2048 2813 ulium
2091 2754 2379 2812 Caesarem
2424 2769 2485 2829 p.
2516 2759 2579 2820 9.
2611 2759 2672 2811 et
2707 2767 2775 2810 ex

565 2850 697 2927 ejus
721 2850 883 2910 libris
907 2870 1097 2910 rerum
1138 2870 1374 2911 suarum
1401 2852 1683 2931 pleraque
1711 2852 1966 2911 hausisse
1990 2871 2051 2910 se
2079 2868 2196 2910 non
2223 2848 2507 2909 diffitetur
2539 2866 2609 2926 p.
2644 2857 2774 2919 194.

567 2944 688 3006 Sed
744 2956 806 3007 et
847 2959 1268 3008 commemorat
1315 2950 1568 3009 Caesaris
1623 2949 1920 3028 Epistolas
1973 2955 2306 3021 139.140.
2375 2955 2438 3006 et
2488 2954 2778 3006 memorat

568 3044 779 3104 iterum
821 3063 883 3123 p.
919 3053 1054 3114 195.
1108 3043 1322 3123 allegat
1347 3046 1520 3105 etiam
1550 3045 1894 3107 Ciceronem
1934 3049 2605 3125 ρ.3.118.130.133.
2646 3051 2775 3116 139.

577 3148 714 3212 194.
745 3150 885 3204 202.
952 3141 1247 3220 Epistolas
1275 3141 1349 3203 ad
1381 3142 1643 3204 Atticum
1684 3164 1746 3224 p.
1784 3151 1918 3216 129.
1949 3152 2089 3206 202.
2172 3143 2513 3203 Orationem
2543 3138 2779 3201 Miloni·

569 3258 827 3318 anamp.
852 3246 951 3299 85.
981 3259 1093 3318 pro
1121 3241 1410 3302 Marcello
1439 3250 1581 3304 202.
1639 3242 1978 3302 Sallustium
2007 3261 2071 3321 p.
2102 3250 2162 3301 4.
2213 3239 2520 3318 Virgilium
2547 3258 2614 3318 p.
2638 3246 2774 3301 204

573 3338 860 3399 Senecam
891 3356 954 3417 p.
990 3345 1126 3407 157.
1161 3346 1297 3400 180.
1361 3338 1654 3400 Valerium
1685 3339 1851 3398 Max.
1880 3359 1944 3418 p.
1972 3336 2034 3397 6.
2102 3336 2353 3399 Plinium
2382 3337 2517 3396 Sec.
2545 3354 2612 3415 p.
2647 3342 2777 3403 157.

575 3434 809 3496 Florum
840 3454 903 3514 p.
934 3444 1035 3498 ss.
1066 3433 1167 3498 62.
1196 3444 1295 3508 ⁷9·
1334 3445 1471 3499 118.
1503 3443 1641 3499 185.
1683 3446 1822 3497 144.
1863 3445 2000 3507 189.
2086 3434 2429 3495 Suetonium
2450 3453 2515 3513 p.
2548 3442 2612 3496 8.
2647 3429 2778 3494 126.

581 3542 717 3603 127.
747 3541 885 3596 202.
931 3546 993 3594 et
1038 3533 1317 3593 Orosium
1374 3539 1514 3612 pag'.
1544 3567 1625 3579 —
1649 3542 1710 3594 et
1751 3533 2133 3612 Augustinum
2191 3550 2254 3610 p.
2295 3539 2431 3594 180.
2476 3550 2512 3589 e
2554 3530 2779 3590 Grais

578 3630 1038 3709 Xenophontem
1080 3650 1143 3710 p.
1188 3639 1329 3694 202.
1371 3638 1433 3691 et
1472 3629 1733 3692 Platonis
1781 3629 2139 3690 Phaedonem
2189 3648 2251 3708 p·
2287 3636 2424 3690 180.
2484 3628 2781 3688 Socraten

577 3746 642 3804 p.
680 3735 812 3797 127.
2697 3731 2701 3735 ’

646 3885 860 4019 lfflHinc
883 3887 1090 3941 Celsum
1123 3888 1284 3958 aliqui
1305 3886 1485 3945 fecere
1507 3890 2159 3960 constantinopolitanum.
2203 3888 2520 3957 Menagiam
2533 3887 2684 3940 Tom.
2707 3898 2778 3937 tv.

603 3983 656 4035 p.
742 4001 758 4021 .
