<?xml version="1.0" encoding="UTF-8"?>
<!DOCTYPE html PUBLIC "-//W3C//DTD XHTML 1.0 Transitional//EN"
    "http://www.w3.org/TR/xhtml1/DTD/xhtml1-transitional.dtd">
<html xmlns="http://www.w3.org/1999/xhtml" xml:lang="en" lang="en">
 <head>
  <title>
</title>
<meta http-equiv="Content-Type" content="text/html;charset=utf-8" />
  <meta name='ocr-system' content='tesseract 3.04.00' />
  <meta name='ocr-capabilities' content='ocr_page ocr_carea ocr_par ocr_line ocrx_word'/>
</head>
<body>
  <div class='ocr_page' id='page_1' title='image "./cjuliicaesariso00plutgoog_0331.png"; bbox 0 0 3017 4925; ppageno 0'>
   <div class='ocr_carea' id='block_1_1' title="bbox 1011 424 2486 496">
    <p class='ocr_par' dir='ltr' id='par_1_1' title="bbox 1011 424 2486 496">
     <span class='ocr_line' id='line_1_1' title="bbox 1011 424 2486 496; baseline -0.004 -2"><span class='ocrx_word' id='word_1_1' title='bbox 1011 438 1330 494; x_wconf 65' lang='lat' dir='ltr'><strong>worn-u</strong></span> <span class='ocrx_word' id='word_1_2' title='bbox 1375 440 1705 493; x_wconf 59' lang='lat' dir='ltr'><strong>einum.</strong></span> <span class='ocrx_word' id='word_1_3' title='bbox 2310 424 2486 496; x_wconf 71' lang='lat'><strong>2001</strong></span> 
     </span>
    </p>
   </div>
   <div class='ocr_carea' id='block_1_2' title="bbox 222 584 2512 4379">
    <p class='ocr_par' dir='ltr' id='par_1_2' title="bbox 222 584 2512 4379">
     <span class='ocr_line' id='line_1_2' title="bbox 275 584 2488 675; baseline 0 -22"><span class='ocrx_word' id='word_1_4' title='bbox 275 588 488 675; x_wconf 64' lang='lat' dir='ltr'><strong>prima</strong></span> <span class='ocrx_word' id='word_1_5' title='bbox 514 585 999 666; x_wconf 70' lang='lat' dir='ltr'><strong>Narbonensis,</strong></span> <span class='ocrx_word' id='word_1_6' title='bbox 1028 590 1099 654; x_wconf 84' lang='lat' dir='ltr'><strong>et</strong></span> <span class='ocrx_word' id='word_1_7' title='bbox 1138 587 1357 674; x_wconf 87' lang='lat' dir='ltr'><strong>prima</strong></span> <span class='ocrx_word' id='word_1_8' title='bbox 1386 585 1756 673; x_wconf 81' lang='lat' dir='ltr'><strong>Aquitania</strong></span> <span class='ocrx_word' id='word_1_9' title='bbox 1771 587 1803 651; x_wconf 73' lang='lat' dir='ltr'><strong>‘t</strong></span> <span class='ocrx_word' id='word_1_10' title='bbox 1876 584 2082 667; x_wconf 82' lang='lat' dir='ltr'><strong>Quod</strong></span> <span class='ocrx_word' id='word_1_11' title='bbox 2110 605 2264 654; x_wconf 75' lang='lat' dir='ltr'><strong>vero</strong></span> <span class='ocrx_word' id='word_1_12' title='bbox 2307 587 2488 673; x_wconf 79' lang='lat' dir='ltr'><strong>Lug·—</strong></span> 
     </span>
     <span class='ocr_line' id='line_1_3' title="bbox 275 688 2491 777; baseline 0.001 -20"><span class='ocrx_word' id='word_1_13' title='bbox 275 689 590 757; x_wconf 85' lang='lat' dir='ltr'><strong>dunensis</strong></span> <span class='ocrx_word' id='word_1_14' title='bbox 617 690 969 776; x_wconf 84' lang='lat' dir='ltr'><strong>primatem</strong></span> <span class='ocrx_word' id='word_1_15' title='bbox 997 709 1144 755; x_wconf 89' lang='lat' dir='ltr'><strong>sese</strong></span> <span class='ocrx_word' id='word_1_16' title='bbox 1186 692 1419 756; x_wconf 82' lang='lat' dir='ltr'><strong>vocari</strong></span> <span class='ocrx_word' id='word_1_17' title='bbox 1467 688 1783 773; x_wconf 82' lang='lat' dir='ltr'><strong>gaudeat,</strong></span> <span class='ocrx_word' id='word_1_18' title='bbox 1822 711 2142 777; x_wconf 89' lang='lat' dir='ltr'><strong>nuperum</strong></span> <span class='ocrx_word' id='word_1_19' title='bbox 2187 697 2258 759; x_wconf 95' lang='lat' dir='ltr'><strong>et</strong></span> <span class='ocrx_word' id='word_1_20' title='bbox 2297 693 2491 759; x_wconf 83' lang='lat' dir='ltr'><strong>novi-</strong></span> 
     </span>
     <span class='ocr_line' id='line_1_4' title="bbox 222 794 2492 881; baseline 0 -21"><span class='ocrx_word' id='word_1_21' title='bbox 222 829 227 834; x_wconf 93' lang='lat'><em>·</em></span> <span class='ocrx_word' id='word_1_22' title='bbox 272 795 436 860; x_wconf 90' lang='lat' dir='ltr'><strong>tium</strong></span> <span class='ocrx_word' id='word_1_23' title='bbox 461 798 588 873; x_wconf 88' lang='lat' dir='ltr'><strong>est,</strong></span> <span class='ocrx_word' id='word_1_24' title='bbox 606 800 675 860; x_wconf 88' lang='lat' dir='ltr'><strong>et</strong></span> <span class='ocrx_word' id='word_1_25' title='bbox 701 795 906 861; x_wconf 72' lang='lat' dir='ltr'><strong>illiex</strong></span> <span class='ocrx_word' id='word_1_26' title='bbox 921 794 1244 860; x_wconf 88' lang='lat' dir='ltr'><strong>beneficio</strong></span> <span class='ocrx_word' id='word_1_27' title='bbox 1268 794 1622 861; x_wconf 89' lang='lat' dir='ltr'><strong>Pontifieis</strong></span> <span class='ocrx_word' id='word_1_28' title='bbox 1643 795 1844 860; x_wconf 74' lang='lat' dir='ltr'><strong>Rom·</strong></span> <span class='ocrx_word' id='word_1_29' title='bbox 1861 794 2202 861; x_wconf 78' lang='lat' dir='ltr'><strong>indultum,</strong></span> <span class='ocrx_word' id='word_1_30' title='bbox 2249 794 2492 881; x_wconf 89' lang='lat' dir='ltr'><strong>Neque</strong></span> 
     </span>
     <span class='ocr_line' id='line_1_5' title="bbox 271 892 2490 985; baseline 0 -23"><span class='ocrx_word' id='word_1_31' title='bbox 271 902 492 962; x_wconf 71' lang='lat' dir='ltr'><strong>tumen</strong></span> <span class='ocrx_word' id='word_1_32' title='bbox 519 915 771 963; x_wconf 80' lang='lat' dir='ltr'><strong>novum</strong></span> <span class='ocrx_word' id='word_1_33' title='bbox 797 903 921 965; x_wconf 81' lang='lat' dir='ltr'><strong>est.</strong></span> <span class='ocrx_word' id='word_1_34' title='bbox 982 896 1167 962; x_wconf 86' lang='lat' dir='ltr'><strong>Nam</strong></span> <span class='ocrx_word' id='word_1_35' title='bbox 1185 895 1579 963; x_wconf 85' lang='lat' dir='ltr'><strong>Guilielmus</strong></span> <span class='ocrx_word' id='word_1_36' title='bbox 1603 897 1792 965; x_wconf 87' lang='lat' dir='ltr'>Brito</span> <span class='ocrx_word' id='word_1_37' title='bbox 1821 900 1890 963; x_wconf 90' lang='lat' dir='ltr'><strong>in</strong></span> <span class='ocrx_word' id='word_1_38' title='bbox 1916 919 2037 965; x_wconf 92' lang='lat' dir='ltr'><strong>suo</strong></span> <span class='ocrx_word' id='word_1_39' title='bbox 2066 892 2490 985; x_wconf 86' lang='lat' dir='ltr'><strong>Philippeide</strong></span> 
     </span>
     <span class='ocr_line' id='line_1_6' title="bbox 271 999 614 1065; baseline 0.003 -1"><span class='ocrx_word' id='word_1_40' title='bbox 271 1000 368 1064; x_wconf 79' lang='lat' dir='ltr'><strong>ita</strong></span> <span class='ocrx_word' id='word_1_41' title='bbox 393 999 614 1065; x_wconf 86' lang='lat' dir='ltr'><strong>canit:</strong></span> 
     </span>
     <span class='ocr_line' id='line_1_7' title="bbox 621 1102 2175 1189; baseline 0.003 -21"><span class='ocrx_word' id='word_1_42' title='bbox 621 1105 649 1137; x_wconf 85' lang='lat'>‘</span> <span class='ocrx_word' id='word_1_43' title='bbox 678 1102 764 1168; x_wconf 82' lang='lat' dir='ltr'><strong>Et</strong></span> <span class='ocrx_word' id='word_1_44' title='bbox 791 1102 1272 1187; x_wconf 74' lang='lat' dir='ltr'>Lugdunensis,</span> <span class='ocrx_word' id='word_1_45' title='bbox 1301 1122 1439 1189; x_wconf 84' lang='lat' dir='ltr'><strong>quo</strong></span> <span class='ocrx_word' id='word_1_46' title='bbox 1465 1102 1700 1169; x_wconf 73' lang='lat' dir='ltr'><strong>Gallia</strong></span> <span class='ocrx_word' id='word_1_47' title='bbox 1725 1107 1868 1171; x_wconf 80' lang='lat' dir='ltr'><strong>tota</strong></span> <span class='ocrx_word' id='word_1_48' title='bbox 1894 1104 2175 1186; x_wconf 78' lang='lat' dir='ltr'><strong>solebat,</strong></span> 
     </span>
     <span class='ocr_line' id='line_1_8' title="bbox 675 1205 2275 1293; baseline -0.001 -20"><span class='ocrx_word' id='word_1_49' title='bbox 675 1206 775 1274; x_wconf 87' lang='lat' dir='ltr'><strong>Ut</strong></span> <span class='ocrx_word' id='word_1_50' title='bbox 798 1207 983 1273; x_wconf 78' lang='lat' dir='ltr'><strong>fama</strong></span> <span class='ocrx_word' id='word_1_51' title='bbox 1011 1214 1140 1287; x_wconf 90' lang='lat' dir='ltr'><strong>est,</strong></span> <span class='ocrx_word' id='word_1_52' title='bbox 1171 1207 1465 1273; x_wconf 88' lang='lat' dir='ltr'><strong>Primate</strong></span> <span class='ocrx_word' id='word_1_53' title='bbox 1493 1205 1671 1291; x_wconf 65' lang='lat' dir='ltr'><strong>regi!</strong></span> <span class='ocrx_word' id='word_1_54' title='bbox 2270 1288 2275 1293; x_wconf 84' lang='lat'><strong>.</strong></span> 
     </span>
     <span class='ocr_line' id='line_1_9' title="bbox 272 1308 2492 1397; baseline 0.002 -20"><span class='ocrx_word' id='word_1_55' title='bbox 272 1308 371 1378; x_wconf 75' lang='lat' dir='ltr'><strong>At</strong></span> <span class='ocrx_word' id='word_1_56' title='bbox 394 1311 655 1396; x_wconf 85' lang='lat' dir='ltr'><strong>primas</strong></span> <span class='ocrx_word' id='word_1_57' title='bbox 679 1310 1035 1397; x_wconf 87' lang='lat' dir='ltr'><strong>primatum</strong></span> <span class='ocrx_word' id='word_1_58' title='bbox 1064 1317 1261 1376; x_wconf 88' lang='lat' dir='ltr'><strong>antea</strong></span> <span class='ocrx_word' id='word_1_59' title='bbox 1288 1308 1425 1375; x_wconf 90' lang='lat' dir='ltr'><strong>dici</strong></span> <span class='ocrx_word' id='word_1_60' title='bbox 1440 1310 1589 1396; x_wconf 84' lang='lat' dir='ltr'><strong>jure</strong></span> <span class='ocrx_word' id='word_1_61' title='bbox 1627 1328 1758 1375; x_wconf 90' lang='lat' dir='ltr'><strong>non</strong></span> <span class='ocrx_word' id='word_1_62' title='bbox 1785 1312 2025 1395; x_wconf 84' lang='lat' dir='ltr'><strong>potuit,</strong></span> <span class='ocrx_word' id='word_1_63' title='bbox 2055 1311 2216 1396; x_wconf 85' lang='lat' dir='ltr'><strong>quia</strong></span> <span class='ocrx_word' id='word_1_64' title='bbox 2241 1311 2492 1381; x_wconf 81' lang='lat' dir='ltr'><strong>nullam</strong></span> 
     </span>
     <span class='ocr_line' id='line_1_10' title="bbox 271 1412 2490 1501; baseline 0.001 -22"><span class='ocrx_word' id='word_1_65' title='bbox 271 1414 557 1501; x_wconf 86' lang='lat' dir='ltr'><strong>primam</strong></span> <span class='ocrx_word' id='word_1_66' title='bbox 612 1414 1036 1480; x_wconf 84' lang='lat' dir='ltr'><strong>Provinciam</strong></span> <span class='ocrx_word' id='word_1_67' title='bbox 1086 1413 1210 1478; x_wconf 86' lang='lat' dir='ltr'><strong>sub</strong></span> <span class='ocrx_word' id='word_1_68' title='bbox 1269 1431 1345 1478; x_wconf 80' lang='lat' dir='ltr'><strong>se</strong></span> <span class='ocrx_word' id='word_1_69' title='bbox 1392 1413 1699 1481; x_wconf 76' lang='lat' dir='ltr'><strong>habebat.</strong></span> <span class='ocrx_word' id='word_1_70' title='bbox 1797 1412 2197 1480; x_wconf 73' lang='lat' dir='ltr'><strong>Viennensis</strong></span> <span class='ocrx_word' id='word_1_71' title='bbox 2236 1415 2490 1499; x_wconf 72' lang='lat' dir='ltr'><strong>prims</strong></span> 
     </span>
     <span class='ocr_line' id='line_1_11' title="bbox 274 1516 2492 1602; baseline 0.001 -21"><span class='ocrx_word' id='word_1_72' title='bbox 274 1516 548 1602; x_wconf 79' lang='lat' dir='ltr'><strong>quidem</strong></span> <span class='ocrx_word' id='word_1_73' title='bbox 589 1518 943 1602; x_wconf 84' lang='lat' dir='ltr'><strong>primatum</strong></span> <span class='ocrx_word' id='word_1_74' title='bbox 985 1517 1218 1581; x_wconf 76' lang='lat' dir='ltr'><strong>vocari</strong></span> <span class='ocrx_word' id='word_1_75' title='bbox 1253 1516 1418 1595; x_wconf 78' lang='lat' dir='ltr'><strong>vult,</strong></span> <span class='ocrx_word' id='word_1_76' title='bbox 1481 1516 1603 1581; x_wconf 91' lang='lat' dir='ltr'><strong>sed</strong></span> <span class='ocrx_word' id='word_1_77' title='bbox 1647 1536 1921 1581; x_wconf 87' lang='lat' dir='ltr'><strong>causam</strong></span> <span class='ocrx_word' id='word_1_78' title='bbox 1946 1521 2083 1581; x_wconf 79' lang='lat' dir='ltr'><strong>tam</strong></span> <span class='ocrx_word' id='word_1_79' title='bbox 2126 1517 2259 1597; x_wconf 83' lang='lat' dir='ltr'><strong>ille,</strong></span> <span class='ocrx_word' id='word_1_80' title='bbox 2291 1536 2492 1601; x_wconf 85' lang='lat' dir='ltr'><strong>quam</strong></span> 
     </span>
     <span class='ocr_line' id='line_1_12' title="bbox 274 1617 2494 1703; baseline 0.001 -19"><span class='ocrx_word' id='word_1_81' title='bbox 274 1620 495 1684; x_wconf 88' lang='lat' dir='ltr'><strong>omnis</strong></span> <span class='ocrx_word' id='word_1_82' title='bbox 521 1620 807 1685; x_wconf 85' lang='lat' dir='ltr'><strong>ecclesia</strong></span> <span class='ocrx_word' id='word_1_83' title='bbox 828 1620 1108 1703; x_wconf 84' lang='lat' dir='ltr'><strong>ignorat.</strong></span> <span class='ocrx_word' id='word_1_84' title='bbox 1197 1617 1373 1684; x_wconf 81' lang='lat' dir='ltr'><strong>Haec</strong></span> <span class='ocrx_word' id='word_1_85' title='bbox 1404 1618 1651 1685; x_wconf 84' lang='lat' dir='ltr'><strong>divisio</strong></span> <span class='ocrx_word' id='word_1_86' title='bbox 1675 1617 2072 1699; x_wconf 85' lang='lat' dir='ltr'><strong>Galliarum,</strong></span> <span class='ocrx_word' id='word_1_87' title='bbox 2100 1626 2175 1686; x_wconf 89' lang='lat' dir='ltr'><strong>ut</strong></span> <span class='ocrx_word' id='word_1_88' title='bbox 2201 1620 2494 1687; x_wconf 88' lang='lat' dir='ltr'><strong>omnium</strong></span> 
     </span>
     <span class='ocr_line' id='line_1_13' title="bbox 274 1723 2496 1808; baseline 0.001 -21"><span class='ocrx_word' id='word_1_89' title='bbox 274 1723 767 1807; x_wconf 86' lang='lat' dir='ltr'><strong>antiquissima,</strong></span> <span class='ocrx_word' id='word_1_90' title='bbox 793 1725 890 1788; x_wconf 86' lang='lat' dir='ltr'><strong>ita</strong></span> <span class='ocrx_word' id='word_1_91' title='bbox 916 1723 1292 1788; x_wconf 87' lang='lat' dir='ltr'><strong>certissima</strong></span> <span class='ocrx_word' id='word_1_92' title='bbox 1320 1723 1518 1787; x_wconf 80' lang='lat' dir='ltr'><strong>nobis</strong></span> <span class='ocrx_word' id='word_1_93' title='bbox 1546 1723 1886 1808; x_wconf 83' lang='lat' dir='ltr'><strong>sequenda</strong></span> <span class='ocrx_word' id='word_1_94' title='bbox 1926 1728 2090 1801; x_wconf 84' lang='lat' dir='ltr'><strong>erat,</strong></span> <span class='ocrx_word' id='word_1_95' title='bbox 2118 1743 2332 1808; x_wconf 79' lang='lat' dir='ltr'><strong>neque</strong></span> <span class='ocrx_word' id='word_1_96' title='bbox 2356 1723 2496 1789; x_wconf 69' lang='lat' dir='ltr'><strong>ullu</strong></span> 
     </span>
     <span class='ocr_line' id='line_1_14' title="bbox 271 1823 2493 1912; baseline -0.002 -23"><span class='ocrx_word' id='word_1_97' title='bbox 271 1826 512 1890; x_wconf 77' lang='lat' dir='ltr'><strong>melior</strong></span> <span class='ocrx_word' id='word_1_98' title='bbox 535 1827 891 1912; x_wconf 77' lang='lat' dir='ltr'><strong>quaerenda</strong></span> <span class='ocrx_word' id='word_1_99' title='bbox 920 1846 965 1891; x_wconf 90' lang='lat' dir='ltr'><strong>a</strong></span> <span class='ocrx_word' id='word_1_100' title='bbox 1005 1827 1203 1891; x_wconf 88' lang='lat' dir='ltr'><strong>nobis</strong></span> <span class='ocrx_word' id='word_1_101' title='bbox 1232 1832 1392 1905; x_wconf 85' lang='lat' dir='ltr'><strong>erat,</strong></span> <span class='ocrx_word' id='word_1_102' title='bbox 1424 1828 1484 1891; x_wconf 92' lang='lat' dir='ltr'><strong>si</strong></span> <span class='ocrx_word' id='word_1_103' title='bbox 1507 1828 1775 1910; x_wconf 75' lang='lat' dir='ltr'><strong>integrae</strong></span> <span class='ocrx_word' id='word_1_104' title='bbox 1816 1827 1955 1892; x_wconf 82' lang='lat' dir='ltr'><strong>mae</strong></span> <span class='ocrx_word' id='word_1_105' title='bbox 1984 1823 2241 1912; x_wconf 70' lang='grc' dir='ltr'><strong>ἐξαρχίαι</strong></span> <span class='ocrx_word' id='word_1_106' title='bbox 2274 1825 2493 1894; x_wconf 76' lang='lat' dir='ltr'><strong>adhuc</strong></span> 
     </span>
     <span class='ocr_line' id='line_1_15' title="bbox 273 1926 2496 2014; baseline 0.002 -22"><span class='ocrx_word' id='word_1_107' title='bbox 273 1926 520 1994; x_wconf 83' lang='lat' dir='ltr'><strong>finibus</strong></span> <span class='ocrx_word' id='word_1_108' title='bbox 549 1926 764 2014; x_wconf 87' lang='lat' dir='ltr'><strong>Regni</strong></span> <span class='ocrx_word' id='word_1_109' title='bbox 793 1930 1202 1996; x_wconf 86' lang='lat' dir='ltr'><strong>Francorum</strong></span> <span class='ocrx_word' id='word_1_110' title='bbox 1232 1931 1740 2011; x_wconf 84' lang='lat' dir='ltr'><strong>continerentur,</strong></span> <span class='ocrx_word' id='word_1_111' title='bbox 1769 1938 1846 1997; x_wconf 92' lang='lat' dir='ltr'><strong>ut</strong></span> <span class='ocrx_word' id='word_1_112' title='bbox 1887 1932 2045 1997; x_wconf 92' lang='lat' dir='ltr'><strong>olim</strong></span> <span class='ocrx_word' id='word_1_113' title='bbox 2080 1931 2208 1995; x_wconf 87' lang='lat' dir='ltr'><strong>sub</strong></span> <span class='ocrx_word' id='word_1_114' title='bbox 2239 1928 2496 1997; x_wconf 86' lang='lat' dir='ltr'><strong>Karolo</strong></span> 
     </span>
     <span class='ocr_line' id='line_1_16' title="bbox 279 2029 2498 2119; baseline 0.002 -23"><span class='ocrx_word' id='word_1_115' title='bbox 279 2029 560 2114; x_wconf 81' lang='lat' dir='ltr'><strong>Magno,</strong></span> <span class='ocrx_word' id='word_1_116' title='bbox 605 2038 671 2096; x_wconf 88' lang='lat' dir='ltr'><strong>et</strong></span> <span class='ocrx_word' id='word_1_117' title='bbox 717 2034 864 2119; x_wconf 89' lang='lat' dir='ltr'><strong>ejus</strong></span> <span class='ocrx_word' id='word_1_118' title='bbox 907 2033 1071 2111; x_wconf 89' lang='lat' dir='ltr'><strong>filio,</strong></span> <span class='ocrx_word' id='word_1_119' title='bbox 1119 2039 1186 2098; x_wconf 90' lang='lat' dir='ltr'><strong>et</strong></span> <span class='ocrx_word' id='word_1_120' title='bbox 1227 2033 1604 2114; x_wconf 84' lang='lat' dir='ltr'><strong>nepotibus.</strong></span> <span class='ocrx_word' id='word_1_121' title='bbox 1696 2033 1834 2098; x_wconf 89' lang='lat' dir='ltr'><strong>Sed</strong></span> <span class='ocrx_word' id='word_1_122' title='bbox 1869 2035 2029 2118; x_wconf 69' lang='lat' dir='ltr'><strong>quin</strong></span> <span class='ocrx_word' id='word_1_123' title='bbox 2068 2054 2160 2099; x_wconf 77' lang='lat' dir='ltr'><strong>ex</strong></span> <span class='ocrx_word' id='word_1_124' title='bbox 2196 2034 2314 2101; x_wconf 79' lang='lat' dir='ltr'><strong>ino</strong></span> <span class='ocrx_word' id='word_1_125' title='bbox 2357 2053 2498 2100; x_wconf 83' lang='lat' dir='ltr'><strong>am-</strong></span> 
     </span>
     <span class='ocr_line' id='line_1_17' title="bbox 274 2134 2499 2220; baseline 0.002 -22"><span class='ocrx_word' id='word_1_126' title='bbox 274 2134 589 2219; x_wconf 77' lang='lat' dir='ltr'><strong>plissimo</strong></span> <span class='ocrx_word' id='word_1_127' title='bbox 614 2136 891 2220; x_wconf 86' lang='lat' dir='ltr'><strong>imperio</strong></span> <span class='ocrx_word' id='word_1_128' title='bbox 916 2137 1146 2201; x_wconf 81' lang='lat' dir='ltr'><strong>multae</strong></span> <span class='ocrx_word' id='word_1_129' title='bbox 1175 2134 1557 2203; x_wconf 72' lang='lat' dir='ltr'><strong>Provinciae</strong></span> <span class='ocrx_word' id='word_1_130' title='bbox 1587 2136 1910 2203; x_wconf 77' lang='lat' dir='ltr'><strong>detractae</strong></span> <span class='ocrx_word' id='word_1_131' title='bbox 1941 2143 2114 2215; x_wconf 87' lang='lat' dir='ltr'><strong>sunt,</strong></span> <span class='ocrx_word' id='word_1_132' title='bbox 2140 2137 2278 2202; x_wconf 83' lang='lat' dir='ltr'><strong>alia</strong></span> <span class='ocrx_word' id='word_1_133' title='bbox 2301 2138 2499 2203; x_wconf 82' lang='lat' dir='ltr'><strong>nobis</strong></span> 
     </span>
     <span class='ocr_line' id='line_1_18' title="bbox 274 2236 2501 2327; baseline 0.004 -26"><span class='ocrx_word' id='word_1_134' title='bbox 274 2236 553 2302; x_wconf 87' lang='lat' dir='ltr'><strong>tributio</strong></span> <span class='ocrx_word' id='word_1_135' title='bbox 593 2238 1021 2305; x_wconf 84' lang='lat' dir='ltr'><strong>instituenda.</strong></span> <span class='ocrx_word' id='word_1_136' title='bbox 1105 2237 1350 2305; x_wconf 81' lang='lat' dir='ltr'><strong>Ganiae</strong></span> <span class='ocrx_word' id='word_1_137' title='bbox 1394 2240 1591 2323; x_wconf 86' lang='lat' dir='ltr'><strong>igitur</strong></span> <span class='ocrx_word' id='word_1_138' title='bbox 1633 2238 1779 2306; x_wconf 78' lang='lat' dir='ltr'><strong>sive</strong></span> <span class='ocrx_word' id='word_1_139' title='bbox 1807 2238 2112 2306; x_wconf 82' lang='lat' dir='ltr'><strong>Franciae</strong></span> <span class='ocrx_word' id='word_1_140' title='bbox 2154 2241 2501 2327; x_wconf 77' lang='lat' dir='ltr'><strong>imperium</strong></span> 
     </span>
     <span class='ocr_line' id='line_1_19' title="bbox 278 2341 2499 2426; baseline 0.001 -22"><span class='ocrx_word' id='word_1_141' title='bbox 278 2346 441 2405; x_wconf 91' lang='lat' dir='ltr'><strong>octo</strong></span> <span class='ocrx_word' id='word_1_142' title='bbox 492 2341 929 2407; x_wconf 73' lang='lat' dir='ltr'><strong>tribunalibus</strong></span> <span class='ocrx_word' id='word_1_143' title='bbox 971 2345 1390 2426; x_wconf 86' lang='lat' dir='ltr'><strong>temperatur,</strong></span> <span class='ocrx_word' id='word_1_144' title='bbox 1431 2362 1589 2426; x_wconf 85' lang='lat' dir='ltr'><strong>quae</strong></span> <span class='ocrx_word' id='word_1_145' title='bbox 1625 2341 1744 2425; x_wconf 79' lang='lat' dir='ltr'><strong>jus</strong></span> <span class='ocrx_word' id='word_1_146' title='bbox 1801 2342 2081 2406; x_wconf 81' lang='lat' dir='ltr'><strong>reddunt</strong></span> <span class='ocrx_word' id='word_1_147' title='bbox 2124 2341 2499 2407; x_wconf 73' lang='lat' dir='ltr'><strong>Provinciis</strong></span> 
     </span>
     <span class='ocr_line' id='line_1_20' title="bbox 273 2442 2502 2530; baseline 0.001 -21"><span class='ocrx_word' id='word_1_148' title='bbox 273 2444 441 2522; x_wconf 73' lang='lat' dir='ltr'><strong>suis,</strong></span> <span class='ocrx_word' id='word_1_149' title='bbox 473 2462 517 2509; x_wconf 80' lang='lat' dir='ltr'><strong>a</strong></span> <span class='ocrx_word' id='word_1_150' title='bbox 544 2444 785 2530; x_wconf 87' lang='lat' dir='ltr'><strong>quibus</strong></span> <span class='ocrx_word' id='word_1_151' title='bbox 812 2443 1286 2510; x_wconf 81' lang='lat' dir='ltr'><strong>Tribunalibus</strong></span> <span class='ocrx_word' id='word_1_152' title='bbox 1312 2445 1706 2529; x_wconf 79' lang='lat' dir='ltr'><strong>provocatio</strong></span> <span class='ocrx_word' id='word_1_153' title='bbox 1732 2464 1865 2509; x_wconf 88' lang='lat' dir='ltr'><strong>non</strong></span> <span class='ocrx_word' id='word_1_154' title='bbox 1893 2450 2017 2510; x_wconf 89' lang='lat' dir='ltr'><strong>est.</strong></span> <span class='ocrx_word' id='word_1_155' title='bbox 2105 2442 2406 2523; x_wconf 83' lang='lat' dir='ltr'><strong>Quorum</strong></span> <span class='ocrx_word' id='word_1_156' title='bbox 2428 2450 2502 2511; x_wconf 78' lang='lat' dir='ltr'><strong>et</strong></span> 
     </span>
     <span class='ocr_line' id='line_1_21' title="bbox 275 2547 2500 2632; baseline 0 -20"><span class='ocrx_word' id='word_1_157' title='bbox 275 2547 598 2632; x_wconf 86' lang='lat' dir='ltr'><strong>majestas</strong></span> <span class='ocrx_word' id='word_1_158' title='bbox 627 2549 1098 2632; x_wconf 86' lang='lat' dir='ltr'><strong>augustissima</strong></span> <span class='ocrx_word' id='word_1_159' title='bbox 1124 2552 1247 2629; x_wconf 82' lang='lat' dir='ltr'><strong>est,</strong></span> <span class='ocrx_word' id='word_1_160' title='bbox 1271 2552 1340 2612; x_wconf 91' lang='lat' dir='ltr'><strong>et</strong></span> <span class='ocrx_word' id='word_1_161' title='bbox 1364 2548 1726 2614; x_wconf 80' lang='lat' dir='ltr'><strong>auctoritas</strong></span> <span class='ocrx_word' id='word_1_162' title='bbox 1754 2556 2205 2614; x_wconf 84' lang='lat' dir='ltr'><strong>sacrosancta.</strong></span> <span class='ocrx_word' id='word_1_163' title='bbox 2265 2547 2500 2613; x_wconf 83' lang='lat' dir='ltr'><strong>Parla-</strong></span> 
     </span>
     <span class='ocr_line' id='line_1_22' title="bbox 275 2649 2501 2736; baseline 0.001 -22"><span class='ocrx_word' id='word_1_164' title='bbox 275 2657 508 2715; x_wconf 88' lang='lat' dir='ltr'><strong>menta</strong></span> <span class='ocrx_word' id='word_1_165' title='bbox 534 2649 719 2715; x_wconf 85' lang='lat' dir='ltr'><strong>Galli</strong></span> <span class='ocrx_word' id='word_1_166' title='bbox 749 2651 1060 2716; x_wconf 76' lang='lat' dir='ltr'><strong>idiomate</strong></span> <span class='ocrx_word' id='word_1_167' title='bbox 1089 2671 1215 2716; x_wconf 86' lang='lat' dir='ltr'><strong>suo</strong></span> <span class='ocrx_word' id='word_1_168' title='bbox 1242 2655 1508 2717; x_wconf 81' lang='lat' dir='ltr'><strong>vocant.</strong></span> <span class='ocrx_word' id='word_1_169' title='bbox 1598 2650 1759 2716; x_wconf 91' lang='lat' dir='ltr'><strong>Non</strong></span> <span class='ocrx_word' id='word_1_170' title='bbox 1776 2669 2135 2736; x_wconf 89' lang='lat' dir='ltr'><strong>possumus</strong></span> <span class='ocrx_word' id='word_1_171' title='bbox 2163 2650 2501 2716; x_wconf 70' lang='lat' dir='ltr'><strong>meliorem</strong></span> 
     </span>
     <span class='ocr_line' id='line_1_23' title="bbox 273 2739 2501 2839; baseline 0 -23"><span class='ocrx_word' id='word_1_172' title='bbox 273 2759 524 2817; x_wconf 76' lang='lat' dir='ltr'><strong>nostrae</strong></span> <span class='ocrx_word' id='word_1_173' title='bbox 556 2752 927 2838; x_wconf 83' lang='lat' dir='ltr'><strong>partitionis</strong></span> <span class='ocrx_word' id='word_1_174' title='bbox 953 2754 1280 2819; x_wconf 86' lang='lat' dir='ltr'><strong>rationem</strong></span> <span class='ocrx_word' id='word_1_175' title='bbox 1324 2754 1514 2833; x_wconf 87' lang='lat' dir='ltr'><strong>inire,</strong></span> <span class='ocrx_word' id='word_1_176' title='bbox 1546 2773 1743 2839; x_wconf 85' lang='lat' dir='ltr'><strong>quam</strong></span> <span class='ocrx_word' id='word_1_177' title='bbox 1773 2755 1832 2818; x_wconf 90' lang='lat' dir='ltr'><strong>si</strong></span> <span class='ocrx_word' id='word_1_178' title='bbox 1875 2754 1945 2817; x_wconf 88' lang='lat' dir='ltr'><strong>in</strong></span> <span class='ocrx_word' id='word_1_179' title='bbox 1970 2758 2125 2817; x_wconf 88' lang='lat' dir='ltr'><strong>octo</strong></span> <span class='ocrx_word' id='word_1_180' title='bbox 2153 2752 2302 2817; x_wconf 83' lang='lat' dir='ltr'><strong>haec</strong></span> <span class='ocrx_word' id='word_1_181' title='bbox 2334 2739 2501 2817; x_wconf 79' lang='lat' dir='ltr'><strong>Par-</strong></span> 
     </span>
     <span class='ocr_line' id='line_1_24' title="bbox 274 2855 2502 2941; baseline -0 -21"><span class='ocrx_word' id='word_1_182' title='bbox 274 2856 571 2921; x_wconf 85' lang='lat' dir='ltr'><strong>lamenta</strong></span> <span class='ocrx_word' id='word_1_183' title='bbox 611 2875 802 2920; x_wconf 90' lang='lat' dir='ltr'><strong>omne</strong></span> <span class='ocrx_word' id='word_1_184' title='bbox 848 2855 1258 2924; x_wconf 81' lang='lat' dir='ltr'><strong>Francorum</strong></span> <span class='ocrx_word' id='word_1_185' title='bbox 1301 2879 1576 2941; x_wconf 90' lang='lat' dir='ltr'><strong>regnum</strong></span> <span class='ocrx_word' id='word_1_186' title='bbox 1622 2857 1941 2936; x_wconf 85' lang='lat' dir='ltr'><strong>dividam,</strong></span> <span class='ocrx_word' id='word_1_187' title='bbox 1978 2863 2046 2922; x_wconf 91' lang='lat' dir='ltr'><strong>et</strong></span> <span class='ocrx_word' id='word_1_188' title='bbox 2085 2877 2167 2921; x_wconf 90' lang='lat' dir='ltr'><strong>ea</strong></span> <span class='ocrx_word' id='word_1_189' title='bbox 2216 2857 2287 2920; x_wconf 87' lang='lat' dir='ltr'><strong>in</strong></span> <span class='ocrx_word' id='word_1_190' title='bbox 2332 2855 2502 2934; x_wconf 55' lang='lat' dir='ltr'><strong>Prof</strong></span> 
     </span>
     <span class='ocr_line' id='line_1_25' title="bbox 277 2957 2503 3042; baseline -0.001 -17"><span class='ocrx_word' id='word_1_191' title='bbox 277 2959 544 3025; x_wconf 82' lang='lat' dir='ltr'><strong>vincias</strong></span> <span class='ocrx_word' id='word_1_192' title='bbox 570 2977 754 3025; x_wconf 66' lang='lat' dir='ltr'><strong>suas⁸</strong></span> <span class='ocrx_word' id='word_1_193' title='bbox 801 2958 932 3024; x_wconf 88' lang='lat' dir='ltr'><strong>Per</strong></span> <span class='ocrx_word' id='word_1_194' title='bbox 960 2959 1356 3026; x_wconf 84' lang='lat' dir='ltr'><strong>Provincias</strong></span> <span class='ocrx_word' id='word_1_195' title='bbox 1386 2966 1607 3025; x_wconf 88' lang='lat' dir='ltr'><strong>autem</strong></span> <span class='ocrx_word' id='word_1_196' title='bbox 1636 2979 1793 3037; x_wconf 82' lang='lat' dir='ltr'><strong>non,</strong></span> <span class='ocrx_word' id='word_1_197' title='bbox 1817 2965 1891 3024; x_wconf 87' lang='lat' dir='ltr'><strong>ut</strong></span> <span class='ocrx_word' id='word_1_198' title='bbox 1912 2958 2135 3037; x_wconf 83' lang='lat' dir='ltr'><strong>hodie,</strong></span> <span class='ocrx_word' id='word_1_199' title='bbox 2165 2977 2209 3022; x_wconf 81' lang='lat' dir='ltr'><strong>a</strong></span> <span class='ocrx_word' id='word_1_200' title='bbox 2232 2957 2503 3042; x_wconf 75' lang='lat' dir='ltr'><strong>negihus</strong></span> 
     </span>
     <span class='ocr_line' id='line_1_26' title="bbox 277 3060 2504 3147; baseline -0 -21"><span class='ocrx_word' id='word_1_201' title='bbox 277 3061 732 3141; x_wconf 86' lang='lat' dir='ltr'><strong>instituuntur,</strong></span> <span class='ocrx_word' id='word_1_202' title='bbox 769 3063 930 3146; x_wconf 86' lang='lat' dir='ltr'><strong>quia</strong></span> <span class='ocrx_word' id='word_1_203' title='bbox 971 3068 1137 3147; x_wconf 92' lang='lat' dir='ltr'><strong>quot</strong></span> <span class='ocrx_word' id='word_1_204' title='bbox 1175 3081 1389 3147; x_wconf 77' lang='lat' dir='ltr'><strong>regeS,</strong></span> <span class='ocrx_word' id='word_1_205' title='bbox 1433 3067 1531 3126; x_wconf 88' lang='lat' dir='ltr'><strong>tot</strong></span> <span class='ocrx_word' id='word_1_206' title='bbox 1573 3062 1973 3126; x_wconf 84' lang='lat' dir='ltr'><strong>mutationes</strong></span> <span class='ocrx_word' id='word_1_207' title='bbox 1999 3060 2504 3125; x_wconf 85' lang='lat' dir='ltr'><strong>Provinciarum</strong></span> 
     </span>
     <span class='ocr_line' id='line_1_27' title="bbox 278 3162 2506 3250; baseline 0.002 -21"><span class='ocrx_word' id='word_1_208' title='bbox 278 3167 350 3229; x_wconf 87' lang='lat' dir='ltr'><strong>et</strong></span> <span class='ocrx_word' id='word_1_209' title='bbox 371 3166 661 3244; x_wconf 84' lang='lat' dir='ltr'><strong>uomina,</strong></span> <span class='ocrx_word' id='word_1_210' title='bbox 694 3171 814 3230; x_wconf 88' lang='lat' dir='ltr'><strong>aut</strong></span> <span class='ocrx_word' id='word_1_211' title='bbox 839 3167 1153 3250; x_wconf 87' lang='lat' dir='ltr'><strong>regimina</strong></span> <span class='ocrx_word' id='word_1_212' title='bbox 1183 3185 1410 3231; x_wconf 90' lang='lat' dir='ltr'><strong>eorum</strong></span> <span class='ocrx_word' id='word_1_213' title='bbox 1437 3165 1774 3231; x_wconf 86' lang='lat' dir='ltr'><strong>oriuntur:</strong></span> <span class='ocrx_word' id='word_1_214' title='bbox 1848 3164 1968 3230; x_wconf 90' lang='lat' dir='ltr'><strong>sed</strong></span> <span class='ocrx_word' id='word_1_215' title='bbox 2007 3184 2128 3249; x_wconf 85' lang='lat' dir='ltr'><strong>per</strong></span> <span class='ocrx_word' id='word_1_216' title='bbox 2176 3162 2506 3234; x_wconf 78' lang='lat' dir='ltr'><strong>dioeceses</strong></span> 
     </span>
     <span class='ocr_line' id='line_1_28' title="bbox 283 3266 2508 3355; baseline -0.002 -22"><span class='ocrx_word' id='word_1_217' title='bbox 283 3266 813 3333; x_wconf 72' lang='lat' dir='ltr'><strong>Ecclesiasticus</strong></span> <span class='ocrx_word' id='word_1_218' title='bbox 841 3275 908 3335; x_wconf 90' lang='lat' dir='ltr'><strong>et</strong></span> <span class='ocrx_word' id='word_1_219' title='bbox 937 3268 1386 3355; x_wconf 76' lang='lat' dir='ltr'><strong>Episcopatus</strong></span> <span class='ocrx_word' id='word_1_220' title='bbox 1408 3269 1727 3355; x_wconf 87' lang='lat' dir='ltr'><strong>procedet</strong></span> <span class='ocrx_word' id='word_1_221' title='bbox 1754 3267 2004 3333; x_wconf 83' lang='lat' dir='ltr'><strong>divisio</strong></span> <span class='ocrx_word' id='word_1_222' title='bbox 2031 3273 2294 3332; x_wconf 82' lang='lat' dir='ltr'><strong>nostra:</strong></span> <span class='ocrx_word' id='word_1_223' title='bbox 2344 3266 2508 3349; x_wconf 79' lang='lat' dir='ltr'><strong>quia</strong></span> 
     </span>
     <span class='ocr_line' id='line_1_29' title="bbox 281 3367 2504 3464; baseline -0.003 -27"><span class='ocrx_word' id='word_1_224' title='bbox 281 3372 414 3437; x_wconf 83' lang='lat' dir='ltr'><strong>hoc</strong></span> <span class='ocrx_word' id='word_1_225' title='bbox 464 3371 669 3436; x_wconf 84' lang='lat' dir='ltr'><strong>modo</strong></span> <span class='ocrx_word' id='word_1_226' title='bbox 697 3391 829 3436; x_wconf 86' lang='lat' dir='ltr'><strong>non</strong></span> <span class='ocrx_word' id='word_1_227' title='bbox 858 3372 1276 3440; x_wconf 83' lang='lat' dir='ltr'><strong>discedemus</strong></span> <span class='ocrx_word' id='word_1_228' title='bbox 1304 3393 1348 3438; x_wconf 86' lang='lat' dir='ltr'><strong>a</strong></span> <span class='ocrx_word' id='word_1_229' title='bbox 1377 3374 1605 3464; x_wconf 74' lang='lat' dir='ltr'><strong>prisca</strong></span> <span class='ocrx_word' id='word_1_230' title='bbox 1635 3371 1927 3436; x_wconf 86' lang='lat' dir='ltr'><strong>Romani</strong></span> <span class='ocrx_word' id='word_1_231' title='bbox 1956 3370 2219 3454; x_wconf 91' lang='lat' dir='ltr'><strong>imperii</strong></span> <span class='ocrx_word' id='word_1_232' title='bbox 2245 3367 2504 3432; x_wconf 85' lang='lat' dir='ltr'><strong>notitia.</strong></span> 
     </span>
     <span class='ocr_line' id='line_1_30' title="bbox 288 3469 2507 3561; baseline -0.001 -23"><span class='ocrx_word' id='word_1_233' title='bbox 288 3472 495 3553; x_wconf 83' lang='lat' dir='ltr'><strong>Quod</strong></span> <span class='ocrx_word' id='word_1_234' title='bbox 527 3474 586 3538; x_wconf 92' lang='lat' dir='ltr'><strong>si</strong></span> <span class='ocrx_word' id='word_1_235' title='bbox 618 3473 889 3558; x_wconf 83' lang='lat' dir='ltr'><strong>quidam</strong></span> <span class='ocrx_word' id='word_1_236' title='bbox 914 3475 1073 3540; x_wconf 85' lang='lat' dir='ltr'><strong>novi</strong></span> <span class='ocrx_word' id='word_1_237' title='bbox 1119 3476 1428 3561; x_wconf 87' lang='lat' dir='ltr'><strong>episcopi</strong></span> <span class='ocrx_word' id='word_1_238' title='bbox 1469 3475 1753 3540; x_wconf 86' lang='lat' dir='ltr'><strong>instituti</strong></span> <span class='ocrx_word' id='word_1_239' title='bbox 1799 3477 1975 3551; x_wconf 87' lang='lat' dir='ltr'><strong>sunt,</strong></span> <span class='ocrx_word' id='word_1_240' title='bbox 2008 3479 2123 3538; x_wconf 88' lang='lat' dir='ltr'><strong>aut</strong></span> <span class='ocrx_word' id='word_1_241' title='bbox 2164 3469 2507 3554; x_wconf 78' lang='lat' dir='ltr'><strong>Metropo-</strong></span> 
     </span>
     <span class='ocr_line' id='line_1_31' title="bbox 285 3571 2510 3660; baseline -0.002 -18"><span class='ocrx_word' id='word_1_242' title='bbox 285 3577 450 3655; x_wconf 75' lang='lat' dir='ltr'><strong>litae,</strong></span> <span class='ocrx_word' id='word_1_243' title='bbox 507 3577 635 3642; x_wconf 86' lang='lat' dir='ltr'><strong>hoc</strong></span> <span class='ocrx_word' id='word_1_244' title='bbox 690 3596 823 3642; x_wconf 87' lang='lat' dir='ltr'><strong>non</strong></span> <span class='ocrx_word' id='word_1_245' title='bbox 876 3585 1067 3643; x_wconf 79' lang='lat' dir='ltr'><strong>nocet</strong></span> <span class='ocrx_word' id='word_1_246' title='bbox 1117 3580 1320 3645; x_wconf 82' lang='lat' dir='ltr'><strong>veteri</strong></span> <span class='ocrx_word' id='word_1_247' title='bbox 1378 3577 1708 3644; x_wconf 74' lang='lat' dir='ltr'><strong>Romanae</strong></span> <span class='ocrx_word' id='word_1_248' title='bbox 1765 3575 2237 3660; x_wconf 76' lang='lat' dir='ltr'><strong>dispositioni:</strong></span> <span class='ocrx_word' id='word_1_249' title='bbox 2304 3571 2510 3640; x_wconf 75' lang='lat' dir='ltr'><strong>mode</strong></span> 
     </span>
     <span class='ocr_line' id='line_1_32' title="bbox 289 3676 2512 3767; baseline -0.002 -22"><span class='ocrx_word' id='word_1_250' title='bbox 289 3685 554 3745; x_wconf 87' lang='lat' dir='ltr'><strong>constet</strong></span> <span class='ocrx_word' id='word_1_251' title='bbox 594 3680 769 3746; x_wconf 90' lang='lat' dir='ltr'><strong>unde</strong></span> <span class='ocrx_word' id='word_1_252' title='bbox 826 3680 929 3745; x_wconf 90' lang='lat' dir='ltr'><strong>illi</strong></span> <span class='ocrx_word' id='word_1_253' title='bbox 977 3682 1412 3767; x_wconf 82' lang='lat' dir='ltr'><strong>episcopatus</strong></span> <span class='ocrx_word' id='word_1_254' title='bbox 1458 3681 1746 3747; x_wconf 86' lang='lat' dir='ltr'><strong>abscissi</strong></span> <span class='ocrx_word' id='word_1_255' title='bbox 1789 3680 1941 3744; x_wconf 88' lang='lat' dir='ltr'><strong>sint.</strong></span> <span class='ocrx_word' id='word_1_256' title='bbox 2031 3676 2212 3742; x_wconf 87' lang='lat' dir='ltr'><strong>Nam</strong></span> <span class='ocrx_word' id='word_1_257' title='bbox 2259 3684 2512 3742; x_wconf 83' lang='lat' dir='ltr'><strong>certum</strong></span> 
     </span>
     <span class='ocr_line' id='line_1_33' title="bbox 289 3781 2511 3869; baseline -0 -22"><span class='ocrx_word' id='word_1_258' title='bbox 289 3786 417 3862; x_wconf 87' lang='lat' dir='ltr'><strong>est,</strong></span> <span class='ocrx_word' id='word_1_259' title='bbox 466 3803 622 3847; x_wconf 85' lang='lat' dir='ltr'><strong>cum</strong></span> <span class='ocrx_word' id='word_1_260' title='bbox 662 3785 1098 3869; x_wconf 86' lang='lat' dir='ltr'><strong>episcopatus</strong></span> <span class='ocrx_word' id='word_1_261' title='bbox 1143 3786 1303 3850; x_wconf 87' lang='lat' dir='ltr'><strong>novi</strong></span> <span class='ocrx_word' id='word_1_262' title='bbox 1344 3785 1783 3864; x_wconf 84' lang='lat' dir='ltr'><strong>instituuntur,</strong></span> <span class='ocrx_word' id='word_1_263' title='bbox 1829 3789 2081 3848; x_wconf 77' lang='lat' dir='ltr'><strong>veteres</strong></span> <span class='ocrx_word' id='word_1_264' title='bbox 2124 3781 2330 3846; x_wconf 85' lang='lat' dir='ltr'><strong>minui</strong></span> <span class='ocrx_word' id='word_1_265' title='bbox 2369 3784 2511 3846; x_wconf 83' lang='lat' dir='ltr'><strong>tan-</strong></span> 
     </span>
     <span class='ocr_line' id='line_1_34' title="bbox 289 3884 2512 3971; baseline 0 -20"><span class='ocrx_word' id='word_1_266' title='bbox 289 3891 455 3964; x_wconf 84' lang='lat' dir='ltr'><strong>tum,</strong></span> <span class='ocrx_word' id='word_1_267' title='bbox 486 3894 805 3971; x_wconf 81' lang='lat' dir='ltr'><strong>quantum</strong></span> <span class='ocrx_word' id='word_1_268' title='bbox 832 3907 923 3951; x_wconf 84' lang='lat' dir='ltr'><strong>ex</strong></span> <span class='ocrx_word' id='word_1_269' title='bbox 974 3887 1105 3952; x_wconf 87' lang='lat' dir='ltr'><strong>illis</strong></span> <span class='ocrx_word' id='word_1_270' title='bbox 1148 3887 1527 3951; x_wconf 81' lang='lat' dir='ltr'><strong>abscissum</strong></span> <span class='ocrx_word' id='word_1_271' title='bbox 1569 3888 1641 3951; x_wconf 88' lang='lat' dir='ltr'><strong>in</strong></span> <span class='ocrx_word' id='word_1_272' title='bbox 1669 3906 1913 3952; x_wconf 84' lang='lat' dir='ltr'><strong>novam</strong></span> <span class='ocrx_word' id='word_1_273' title='bbox 1955 3884 2304 3951; x_wconf 83' lang='lat' dir='ltr'><strong>dioecesim</strong></span> <span class='ocrx_word' id='word_1_274' title='bbox 2352 3902 2512 3952; x_wconf 74' lang='lat' dir='ltr'><strong>con·</strong></span> 
     </span>
     <span class='ocr_line' id='line_1_35' title="bbox 288 3985 2511 4073; baseline -0.001 -20"><span class='ocrx_word' id='word_1_275' title='bbox 288 3988 523 4054; x_wconf 80' lang='lat' dir='ltr'><strong>fertur.</strong></span> <span class='ocrx_word' id='word_1_276' title='bbox 609 3987 1155 4054; x_wconf 88' lang='lat' dir='ltr'><strong>Vetustissimum</strong></span> <span class='ocrx_word' id='word_1_277' title='bbox 1181 3989 1376 4073; x_wconf 84' lang='lat' dir='ltr'><strong>igitur</strong></span> <span class='ocrx_word' id='word_1_278' title='bbox 1402 3989 1731 4054; x_wconf 86' lang='lat' dir='ltr'><strong>Tribunal</strong></span> <span class='ocrx_word' id='word_1_279' title='bbox 1760 3989 2136 4055; x_wconf 85' lang='lat' dir='ltr'><strong>Parisieuse</strong></span> <span class='ocrx_word' id='word_1_280' title='bbox 2164 3991 2286 4066; x_wconf 84' lang='lat' dir='ltr'><strong>est,</strong></span> <span class='ocrx_word' id='word_1_281' title='bbox 2307 3985 2511 4070; x_wconf 85' lang='lat' dir='ltr'><strong>idque</strong></span> 
     </span>
     <span class='ocr_line' id='line_1_36' title="bbox 293 4087 2511 4178; baseline -0.001 -22"><span class='ocrx_word' id='word_1_282' title='bbox 293 4091 517 4173; x_wconf 85' lang='lat' dir='ltr'><strong>primo</strong></span> <span class='ocrx_word' id='word_1_283' title='bbox 571 4092 838 4157; x_wconf 90' lang='lat' dir='ltr'><strong>unicum</strong></span> <span class='ocrx_word' id='word_1_284' title='bbox 884 4093 951 4155; x_wconf 91' lang='lat' dir='ltr'><strong>in</strong></span> <span class='ocrx_word' id='word_1_285' title='bbox 992 4112 1191 4176; x_wconf 88' lang='lat' dir='ltr'><strong>regno</strong></span> <span class='ocrx_word' id='word_1_286' title='bbox 1230 4089 1377 4170; x_wconf 88' lang='lat' dir='ltr'><strong>fuit,</strong></span> <span class='ocrx_word' id='word_1_287' title='bbox 1427 4099 1493 4157; x_wconf 92' lang='lat' dir='ltr'><strong>et</strong></span> <span class='ocrx_word' id='word_1_288' title='bbox 1534 4093 1791 4178; x_wconf 88' lang='lat' dir='ltr'><strong>reliqua</strong></span> <span class='ocrx_word' id='word_1_289' title='bbox 1817 4091 1903 4157; x_wconf 88' lang='lat' dir='ltr'><strong>ad</strong></span> <span class='ocrx_word' id='word_1_290' title='bbox 1940 4093 2084 4178; x_wconf 89' lang='lat' dir='ltr'><strong>ejus</strong></span> <span class='ocrx_word' id='word_1_291' title='bbox 2127 4087 2511 4171; x_wconf 76' lang='lat' dir='ltr'><strong>exemplum</strong></span> 
     </span>
     <span class='ocr_line' id='line_1_37' title="bbox 293 4194 1562 4280; baseline 0.001 -18"><span class='ocrx_word' id='word_1_292' title='bbox 293 4195 708 4280; x_wconf 79' lang='lat' dir='ltr'><strong>temporibus</strong></span> <span class='ocrx_word' id='word_1_293' title='bbox 736 4197 1216 4280; x_wconf 83' lang='lat' dir='ltr'><strong>posterioribus</strong></span> <span class='ocrx_word' id='word_1_294' title='bbox 1239 4194 1562 4263; x_wconf 70' lang='lat' dir='ltr'><strong>instituta.</strong></span> 
     </span>
     <span class='ocr_line' id='line_1_38' title="bbox 426 4306 2384 4379; baseline -0.001 -14"><span class='ocrx_word' id='word_1_295' title='bbox 426 4313 603 4379; x_wconf 66' lang='lat' dir='ltr'><strong>Delph.</strong></span> <span class='ocrx_word' id='word_1_296' title='bbox 621 4323 668 4364; x_wconf 71' lang='lat' dir='ltr'><strong>et</strong></span> <span class='ocrx_word' id='word_1_297' title='bbox 700 4313 815 4365; x_wconf 72' lang='lat' dir='ltr'><strong>Ver.</strong></span> <span class='ocrx_word' id='word_1_298' title='bbox 841 4315 970 4364; x_wconf 63' lang='lat' dir='ltr'><strong>Cla.</strong></span> <span class='ocrx_word' id='word_1_299' title='bbox 1351 4314 1480 4364; x_wconf 65' lang='lat' dir='ltr'><strong>cn.</strong></span> <span class='ocrx_word' id='word_1_300' title='bbox 2280 4309 2312 4356; x_wconf 73' lang='grc'><strong>5</strong></span> <span class='ocrx_word' id='word_1_301' title='bbox 2336 4306 2384 4358; x_wconf 78' lang='lat' dir='ltr'>L</span> 
     </span>
    </p>
   </div>
  </div>
 </body>
</html>
