3017 4925
911 416 1017 468 nu
1054 415 1234 467 vim
1277 413 1491 468 sunit
1531 409 1884 468 oannis.
2321 395 2492 472 1701

292 567 751 633 Romanis'omni
778 576 1041 649 tempore
1060 588 1134 630 ao
1158 569 1294 630 loco
1319 567 1397 629 ad
1424 567 1811 630 resistentiam
1847 567 2103 648 paratis:
2145 568 2257 629 bac
2289 588 2496 632 neces·-

288 666 457 729 itate
479 665 558 728 ad
586 665 703 727 iter
739 665 923 737 aliud,
971 667 1131 746 quod
1177 665 1330 727 inter
1357 666 1598 726 consilia
1625 666 1815 745 prima
1834 665 2275 738 damnaverant,
2302 666 2493 727 redire

287 764 576 843 compulsi
589 771 760 835 sunt;
809 762 973 842 quod
993 764 1267 844 quoniam
1286 763 1576 843 Sequanis
1594 763 1927 823 nolentibus
1941 763 2491 842 periculosissimum

288 861 568 934 sciebant,
594 863 792 941 primo
820 863 951 922 illos
989 863 1261 941 precibus
1288 863 1687 942 nequidquam
1725 860 1970 939 experti,
2003 860 2376 940 Domnorigis
2417 861 2497 921 ad

290 958 561 1018 auxilium
578 958 959 1040 confugiunt:
1003 970 1182 1040 utper
1196 961 1354 1020 illum
1375 958 1539 1040 quod
1559 979 1668 1039 per
1685 978 1747 1019 se
1768 963 2068 1037 nequeunt
2092 965 2494 1036 assequantur.

292 1053 351 1116 Is
382 1052 602 1117 &mni
644 1057 889 1136 pollens,
926 1057 1016 1118 vir
1044 1054 1467 1137 magnanimus,
1494 1061 1559 1116 et
1591 1052 1895 1134 “uterque
1921 1053 2079 1134 genti
2104 1054 2326 1115 amicus
2365 1064 2496 1116 erat

291 1160 351 1211 et
382 1153 691 1214 crescendi
729 1154 1007 1234 cupidine
1032 1153 1425 1215 inflammatus
1465 1163 1528 1213 et
1545 1146 1998 1213 ⁶⁵mediocribus
2047 1150 2310 1212 insuetus
2336 1148 2494 1213 curis

291 1246 674 1312 “multorum
722 1254 982 1332 gentium
1025 1252 1272 1332 gratiam
1316 1249 1520 1331 studio
1565 1249 1886 1328 quaerebat.
1965 1246 2316 1326 ⁶⁷Cupidine
2359 1267 2500 1328 ergo

296 1365 354 1406 se
399 1363 510 1427 pro
541 1349 828 1411 Helvetiis
869 1350 1030 1429 apud
1075 1351 1381 1428 Sequanos
1416 1349 1790 1428 interponens
1834 1344 2142 1405 transitum
2184 1345 2498 1423 impetrati

297 1443 445 1505 ultro
485 1446 759 1526 citroque
803 1448 959 1509 datis
987 1447 1297 1507 obsidibus
1340 1465 1414 1506 ne
1461 1444 1705 1506 transire
1739 1440 2216 1523 &prohibebam
2241 1441 2380 1502 hinc
2424 1461 2501 1501 ne

294 1545 527 1604 vocavit
551 1546 931 1607 transeundo.
1012 1546 1162 1606 Haec
1181 1565 1316 1605 cum
1340 1543 1557 1606 Caesari
1583 1543 1971 1605 innotuissent
1996 1541 2210 1602 veritus
2235 1539 2495 1600 hostium

294 1640 597 1701 transitum
644 1642 831 1704 multa
877 1642 1075 1722 gravia
1101 1643 1279 1703 sociis
1303 1642 1620 1714 illaturum,
1649 1656 1859 1721 'neque
1911 1647 2004 1700 sat
2047 1636 2333 1719 paucitati
2378 1656 2498 1698 suae

298 1735 505 1812 fidens,
536 1755 730 1817 neque
757 1739 919 1819 quod
944 1740 1283 1802 intendebat
1311 1761 1418 1821 per
1443 1741 1686 1801 nuncios
1713 1738 1840 1799 fieri
1868 1756 2044 1817 posse
2067 1754 2326 1816 sperans,
2353 1755 2497 1795 con-

301 1836 485 1902 silium
533 1838 697 1916 capit
741 1855 815 1898 ex
867 1848 1149 1920 tempore.
1234 1841 1518 1918 Dumque
1572 1836 1827 1898 Helvetii
1865 1836 1928 1896 in
1972 1833 2225 1896 consiliis
2265 1844 2501 1912 tempus

302 1933 555 2007 trahunt,
584 1935 712 2013 ipse
763 1931 820 1974 ⁶⁹
832 1933 1068 1996 dimisso
1094 1936 1171 1997 ad
1201 1937 1555 1998 Gebeunam
1581 1934 1660 1995 ad
1681 1933 2031 1994 munitiones
2059 1950 2209 2012 quas
2237 1930 2496 2000 feceram

304 2039 527 2109 quanta
551 2040 786 2111 poterat
806 2031 1102 2093 celeritate
1143 2032 1203 2093 in
1242 2034 1467 2094 Italiam
1497 2032 1683 2092 redit:
1725 2031 2058 2111 raptimque
2085 2028 2168 2088 ibi
2196 2026 2501 2105 conscrip-

300 2128 375 2189 tis
398 2129 531 2209 [23]
562 2129 795 2192 duabus
822 2131 1147 2210 legionibus
1193 2131 1497 2204 subnixus,
1530 2129 1868 2191 brevissima
1910 2148 2019 2208 per
2050 2127 2272 2189 medias
2312 2126 2496 2205 Alpes

300 2225 389 2285 via
434 2226 492 2286 in
541 2226 872 2287 ulteriorem
909 2227 1171 2288 Galliam
1216 2228 1343 2307 pari
1388 2226 1685 2288 celeritate
1727 2227 2055 2296 revertitur,
2085 2224 2348 2303 dumque
2385 2241 2497 2302 per

300 2323 574 2386 arbuta⁷0
602 2326 887 2386 montium
916 2324 1264 2387 conscendit
1290 2326 1368 2386 ab
1398 2325 1631 2404 Alpinis
1657 2324 1925 2404 gentibus
1954 2323 2066 2385 iter
2098 2342 2169 2382 ex
2212 2322 2333 2383 alto
2367 2339 2502 2401 pro·

302 2420 505 2483 hibere
540 2420 873 2483 volentibus
914 2422 1109 2484 multis
1156 2423 1302 2484 locis
1331 2421 1624 2502 excipitur
1641 2444 1660 2495 ς
1705 2421 2018 2501 multisque
2037 2419 2232 2500 parvis
2260 2416 2502 2499 quidem

299 2520 518 2599 proeliis
562 2519 781 2600 ubique
823 2519 1009 2581 victor
1053 2538 1342 2598 nusquam
1370 2519 1464 2580 vel
1504 2518 1712 2597 proelio
1750 2520 1844 2580 vel
1882 2517 2127 2578 victoria
2176 2514 2503 2577 retardatus

298 2618 448 2679 intra
494 2638 720 2698 paucos
767 2617 892 2679 dies
935 2618 994 2678 in
1024 2618 1367 2698 Allobroges
1395 2616 1736 2695 perveniens
1763 2635 1904 2675 mox
1932 2633 2071 2674 cum
2097 2622 2227 2673 toto
2266 2610 2508 2672 Rhoda·

302 2734 439 2781 uum
483 2716 690 2777 transit
729 2716 1012 2777 exercitu.
1092 2716 1220 2776 Illic
1263 2723 1459 2776 castra
1505 2713 1815 2774 habentem
1861 2711 2250 2775 Ambarorum
2304 2707 2506 2769 Eduo-

300 2834 546 2895 rumque
573 2814 892 2893 legationes
934 2814 1157 2874 adeunt
1204 2812 1389 2874 fatum
1416 2811 1625 2892 patrias
1651 2811 1989 2872 miserantes
2018 2811 2194 2869 ”suae
2227 2806 2504 2880 fortunas,

303 2930 421 2990 quo
450 2910 572 2971 sint
597 2910 656 2969 in
683 2919 842 2972 statu
866 2909 1150 2971 edocent}
1195 2910 1473 2971 transisse
1516 2928 1623 2989 per
1659 2909 2062 2988 Sequanorum
2100 2904 2249 2965 fines
2293 2903 2514 2964 Helve-

302 3005 514 3068 tiorum
542 3006 788 3078 rabiem,
817 3016 877 3067 et
903 3008 961 3067 in
990 3026 1129 3067 suos
1155 3007 1398 3067 effusam
1426 3004 1614 3077 fines3
1660 3004 1859 3065 omnia
1888 3010 2133 3075 vastare,
2161 3019 2337 3080 agros
2369 2999 2499 3079 jam

306 3104 529 3165 colonis
558 3122 797 3175 vacuos,
826 3120 978 3183 azgre
1026 3103 1210 3182 opida
1246 3102 1513 3175 defendi,
1540 3102 1684 3162 nibil
1710 3102 1837 3182 spei
1861 3120 1988 3162 esse
2014 3099 2121 3160 nisi
2147 3099 2207 3157 in
2248 3099 2504 3159 Caesare.

305 3199 611 3279 Siquidem
654 3199 731 3260 de
770 3199 992 3279 populo
1028 3200 1295 3259 Romano
1350 3200 1501 3259 bene
1538 3198 1883 3259 meruissent
1935 3204 2004 3258 ut
2053 3194 2286 3256 afflictis
2331 3196 2509 3274 opem'

306 3296 452 3365 ferat
476 3296 675 3357 moesti
700 3303 886 3357 orant.
969 3297 1131 3356 Idem
1156 3305 1219 3356 et
1260 3295 1612 3376 Allobroges
1643 3296 1746 3375 qui
1791 3295 1981 3355 vicina
2024 3294 2310 3363 locorum,
2349 3299 2510 3351 trans

306 3394 663 3456 Rhodanum
704 3404 906 3465 terras,
956 3394 1326 3455 ⁷²humerant
1350 3403 1414 3455 et
1440 3402 1763 3473 queruntur
1800 3402 1863 3453 et
1908 3391 2189 3471 flagitant.
2273 3386 2511 3458 Quibus

308 3493 553 3554 vocibus
577 3503 774 3554 motus
813 3494 1014 3554 Caesar
1053 3492 1250 3572 nilque
1276 3492 1662 3554 differendum
1704 3500 1864 3552 ratus
1907 3491 2028 3550 cito
2055 3487 2282 3567 agmine
2309 3487 2514 3547 hostes

304 3585 650 3668 insequitur.
733 3591 792 3650 It
838 3608 941 3668 per
988 3589 1294 3650 Eduorum
1345 3610 1417 3651 ac
1460 3591 1865 3668 Sequanorum
1907 3584 2052 3647 fines
2089 3582 2301 3644 fluvius
2342 3590 2511 3642 tanta

310 3685 545 3750 laticum
567 3687 811 3773 segnitie
851 3698 915 3747 ut
944 3704 1202 3766 quonam
1248 3695 1454 3765 pergat
1499 3685 1601 3745 vix
1629 3682 1892 3763 dignosci
1913 3692 2119 3761 queat:
2161 3679 2266 3741 sed
2296 3687 2508 3760 stagno

312 3790 364 3828 ⁷³
377 3789 550 3851 simul
577 3787 843 3869 quiescit,
887 3786 1136 3866 antiquo
1176 3784 1408 3846 nomine
1435 3786 1604 3857 Arar,
1648 3802 1803 3844 novo
1840 3791 2039 3844 autem
2103 3780 2350 3841 ⁷4Ssonat
2407 3779 2510 3843 hic

374 3975 436 4023 88
470 3972 650 4036 Forte,
698 3971 755 4020 ia
800 3966 1118 4021 AEduia-—ffl
1171 3967 1333 4031 Lege,
1382 3967 1714 4031 utrique—65
1749 3965 1927 4023 Forte,
1966 3963 2082 4013 aaut
2116 3959 2514 4011 mediocribus.-

314 4054 379 4104 08
408 4052 569 4120 Lege,
584 4052 987 4102 *ἀίστωρ-67
1022 4051 1202 4114 Forte,
1219 4048 1403 4113 Cupide
1421 4062 1534 4110 ergo
1551 4048 1746 4100 se.—68
1779 4044 1959 4109 Forte,
2000 4042 2297 4109 prohibeant,
2323 4036 2433 4089 binc
2451 4053 2513 4090 ac

314 4136 660 4186 υκαι-69
694 4132 873 4197 Forte,
912 4132 965 4184 Τ.
986 4131 1198 4183 Labieno
1217 4128 1374 4182 misso.
1394 4128 1516 4180 vide
1539 4130 1673 4181 Caes.
1709 4126 1846 4178 Bell.
1870 4125 2006 4177 Gall.
2029 4138 2069 4175 1.
2091 4125 2303 4173 10.-70
2336 4121 2515 4184 Forte,

308 4217 711 4279 ,σηπίαι-71
731 4213 1228 4279 mestumque-'72
1244 4213 1423 4277 Forte,
1435 4210 1804 4263 habitante-⁷⁸
1827 4209 2007 4273 Forte,
2020 4203 2335 4257 maia—⁷⁴
2355 4200 2519 4267 Lege,
