3017 4925
499 372 680 449 2⁰60
1153 368 1565 426 snacnnsus
1616 361 2048 419 Eburonum

585 552 732 615 pum
758 524 1137 605 Beroaldum.
1181 522 1313 582 Pol.
1339 529 1479 585 220.
1526 538 1582 579 a.
1611 515 1857 595 legitur:
1902 521 1920 546 ‘
1940 510 2069 572 Caii
2094 510 2130 570 J
2136 505 2235 570 ulii
2263 502 2517 569 Caesaris
2546 502 2720 565 Com-

503 668 514 675 ·
591 628 872 693 mentaria
897 624 1046 686 Belli
1072 619 1324 683 Gallici:
1367 615 1598 679 Ciuilis:
1642 608 2013 691 Pompeiani:
2045 602 2453 668 Alexandrini:
2500 598 2721 661 Africi:

591 750 662 790 ac
693 720 1121 806 Hispaniensis:
1164 714 1600 779 accuratissime
1639 710 1950 790 impressa:
1992 704 2278 766 finiuntur
2305 706 2483 763 Anno
2521 695 2727 758 salutis

594 824 906 887 dominicae
955 836 1035 880 Μ.
1067 835 1134 879 1).
1164 833 1300 878 ΧΠ.
1341 813 1425 893 iij.
1471 809 1769 873 Kalendas
1822 804 2141 868 Octobris!
2187 803 2257 862 In
2309 799 2426 859 fine
2486 793 2719 857 Indicis

597 920 897 985 Marliani:
940 925 959 953 ‘
981 918 1052 977 C.
1081 916 1116 976 J
1123 912 1224 973 ulii
1250 909 1498 972 Caesaris
1527 903 2089 968 Commentariorum
2121 900 2307 959 Index
2349 895 2585 957 felicem
2611 911 2736 953 sor-

521 1050 532 1069 ·
577 1022 742 1082 .titus
784 1026 877 1078 est
919 1014 1138 1075 exitum
1183 1012 1359 1068 Anno
1388 1004 1626 1067 Domini
1673 1017 1754 1062 u.
1787 1017 2021 1061 ccccc.
2049 1008 2109 1057 et
2136 1014 2271 1056 xu.
2319 993 2509 1073 pridie
2548 1008 2731 1052 nonas

517 1146 522 1155 ·
595 1112 1150 1181 nouembriS.'-—1ta
1195 1105 1429 1187 quidem
1480 1104 1634 1163 banc
1679 1099 1775 1161 ed.
1825 1095 2133 1175 descripsit
2162 1095 2467 1154 Crevenna
2507 1091 2570 1150 in
2599 1091 2732 1149 Cat.

515 1250 530 1277 .-
599 1214 739 1276 Vol.
768 1232 835 1275 v.
866 1231 929 1291 p.
965 1214 1099 1270 152.
1129 1205 1369 1283 insuper
1394 1199 1651 1261 addens:
1696 1197 1928 1276 Ἀρι-ἑο
1976 1213 2056 1253 on
2107 1202 2310 1267 trouve
2358 1207 2575 1248 encore
2624 1202 2735 1247 unc

388 1289 399 1297 ⁸
516 1355 534 1361 -
600 1315 815 1390 longue
863 1311 1063 1369 Lettre
1117 1302 1196 1364 de
1247 1300 1647 1377 Hieronymus
1694 1293 2011 1356 Bononiae
2061 1287 2414 1349 Tarvisium
2460 1284 2736 1345 Antonio

605 1410 834 1472 Ζοίαηο
859 1404 1152 1466 vicentino
1197 1398 1426 1460 clav-iss.
1465 1393 1758 1475 praetoris
1792 1388 2178 1470 prqfectiqne
2227 1384 2285 1444 Τ
2274 1383 2482 1444 arvi-sii
2507 1380 2741 1459 Alata&

603 1503 972 1569 mdramini
997 1499 1188 1559 veneti
1205 1494 1458 1576 patricii
1484 1490 1727 1561 vicario,
1770 1486 1918 1547 dans
1965 1486 2022 1546 la
2062 1484 2261 1563 quelle
2306 1479 2617 1541 Bononius
2654 1478 2742 1538 dit

523 1642 532 1657 ι
607 1603 827 1665 d’avoir
851 1619 996 1662 revu
1022 1606 1085 1658 et
1109 1594 1334 1673 corrige
1360 1593 1414 1651 le
1442 1599 1600 1650 texte
1647 1586 1725 1647 de
1770 1594 1927 1646 cette
1953 1583 2194 1643 edition.
2278 1580 2441 1640 C’est
2479 1576 2561 1638 de
2602 1574 2741 1656 quoi

527 1752 536 1761 .
608 1704 731 1763 l’on
756 1696 1023 1781 ponrroit
1047 1694 1418 1772 conjecturat
1444 1684 1659 1768 qu'elle
1686 1683 1817 1744 doit
1841 1681 2003 1743 avoir
2028 1679 2123 1741 ete
2149 1678 2433 1739 executee
2459 1696 2533 1736 en
2558 1674 2741 1745 ltalie,

529 1850 537 1857 .
607 1810 670 1861 et
695 1798 959 1878 pentetre
987 1794 1024 1852 a
1048 1789 1313 1859 Trevise,
1353 1805 1434 1845 ou
1460 1783 1498 1844 a
1525 1778 2078 1843 Venise.’-Mirum
2108 1796 2265 1847 vero,
2296 1773 2551 1834 Bononii
2575 1772 2746 1851 Epis-

614 1896 791 1956 tolam
821 1885 1310 1968 nuncupatoriam
1338 1882 1636 1960 adjectam
1666 1898 1793 1938 esse
1822 1875 1958 1936 huic
1983 1872 2251 1945 editioni,
2269 1890 2428 1951 quae,
2451 1879 2518 1931 ut
2543 1870 2746 1931 titulus

611 1991 851 2060 indicat,
882 2008 956 2048 ex
982 1982 1198 2046 familia
1222 1986 1312 2040 est
1338 1975 1841 2038 Beroaldinarum.

537 2096 690 2150 1513
734 2085 952 2147 Aldina
981 2098 1030 2142 1.
1063 2089 1120 2143 8.
1165 2079 1300 2138 Hoc
1343 2074 1638 2136 volumine
1679 2069 2055 2132 continentur
2081 2067 2240 2128 haec:
2284 2064 2751 2127 Commentario-

615 2204 747 2247 rum
775 2183 853 2242 de
882 2178 1039 2240 bello
1060 2175 1297 2238 Gallico
1325 2172 1458 2232 libri
1477 2186 1637 2230 vul.
1669 2169 1744 2228 de
1767 2166 1921 2227 bello
1942 2165 2097 2226 ciuili
2114 2164 2473 2244 Pompeiano
2501 2162 2746 2223 libs-hv.

618 2280 695 2341 de
739 2278 894 2338 bello
934 2272 1331 2337 Alexandrino
1370 2268 1520 2328 liber
1549 2283 1597 2327 1.
1626 2266 1704 2326 de
1732 2263 1891 2324 bello
1920 2262 2199 2323 Africano
2225 2261 2373 2322 liber
2400 2277 2450 2329 1,
2493 2260 2573 2320 de
2602 2259 2751 2322 bello

535 2424 544 2437 ‚
621 2374 992 2457 Hiquniensi
1019 2372 1164 2432 liber
1193 2385 1241 2429 1.
1288 2367 1527 2429 Pictura
1574 2363 1757 2425 totius
1795 2361 2039 2432 Gallia,
2060 2359 2263 2420 diuisae
2308 2358 2367 2418 in
2396 2369 2595 2438 partes
2622 2358 2755 2419 treis

617 2473 936 2537 secundum
965 2473 1038 2532 C.
1068 2467 1316 2531 Caesaris
1345 2461 1821 2527 commentarios.
1906 2459 2164 2522 Nomina
2201 2457 2464 2520 locorum
2496 2457 2754 2520 urbium-

537 2605 542 2630 :
620 2594 736 2652 que
782 2581 844 2632 et
893 2568 1246 2650 populorum
1296 2564 1531 2635 Gallias,
1577 2572 1645 2623 ut
1690 2561 1827 2622 olim
1880 2558 2226 2619 dicebantur
2275 2557 2457 2618 latine
2498 2566 2561 2618 et
2602 2576 2753 2617 nunc

623 2671 902 2734 dicuntur
928 2667 1157 2746 gallice,
1190 2661 1519 2724 secundum
1546 2659 1805 2720 ordinem
1849 2657 2174 2736 alphabeti.
2279 2654 2524 2716 Pictura
2562 2655 2756 2735 pontis

619 2768 679 2827 in
709 2767 936 2836 Rheno,
962 2764 1106 2824 item
1133 2758 1393 2831 Auarici,
1441 2756 1687 2827 Alexiae,
1734 2754 2121 2826 Uxelloduni,
2167 2752 2481 2820 Massiliae„
2551 2753 2757 2813 Literae

621 2865 791 2924 Max.
834 2858 1213 2928 Pontificum,
1245 2875 1319 2917 ne
1362 2855 1493 2934 quis
1541 2853 1722 2913 libros
1771 2870 1915 2911 cura
1959 2863 2161 2911 nostra
2187 2870 2437 2911 excusos
2464 2850 2760 2930 imprimat

625 2958 938 3028 vendatve,
968 2961 1085 3015 ὅτε.
1131 2961 1200 3014 ut
1246 2953 1308 3012 in
1354 2951 1532 3012 literis
1585 2951 1696 3010 sub
1744 2969 1918 3030 poena
1965 2948 2595 3010 excommunicationis
2646 2949 2762 3008 lata

629 3053 938 3116 sententia.
1023 3050 1278 3111 Venetiis
1333 3050 1391 3110 in
1441 3049 1666 3109 aedibus
1723 3047 1864 3110 Aldi
1917 3055 1978 3108 et
1996 3047 2285 3108 ‚Andreae
2334 3046 2542 3106 Soceri
2588 3053 2760 3108 1513.

545 3209 552 3217 .
629 3172 825 3213 mense
853 3147 1341 3229 Apula—Editio
1369 3147 1498 3207 haec
1526 3155 1732 3207 curata
1773 3155 1859 3206 est
1906 3165 1943 3205 a
1988 3146 2085 3207 Jo.
2114 3144 2389 3206 Jocondo
2413 3142 2765 3219 (Giocondi)

633 3247 970 3318 Veronensi,
1001 3267 1076 3307 ex
1098 3243 1227 3306 ord.
1261 3244 1802 3314 Dominicanorum,
1832 3241 2012 3321 quiin
2035 3241 2235 3302 Gallia
2255 3240 2447 3301 multa
2470 3239 2765 3319 exempla-

543 3375 548 3380 ·
630 3348 718 3409 ria
742 3344 1120 3424 conquisivit,
1149 3352 1210 3403 et
1236 3340 1597 3403 eruditorum
1626 3338 1880 3419 plurium
1911 3339 2266 3398 Venetorum
2305 3337 2549 3416 ingeniis
2574 3336 2765 3398 omnia

633 3443 889 3524 subjecit
906 3439 1256 3522 judicanda,
1288 3449 1354 3499 ut
1380 3438 1505 3516 ipse
1536 3435 1850 3517 profitetur
1884 3434 1943 3498 in
1990 3433 2184 3515 Epist.
2214 3435 2289 3496 ad
2319 3433 2543 3495 Julian.
2564 3432 2765 3495 Medi-

547 3589 560 3596 .
632 3562 783 3604 cem.
830 3538 1063 3600 Mendis
1091 3557 1228 3597 vero
1255 3544 1457 3596 scatet.
1686 3527 1693 3534 ’

559 3647 714 3702 1514
753 3637 991 3699 Juutina
1024 3652 1103 3695 11.
1137 3644 1193 3696 8.
1239 3628 1677 3692 Commentaria
1725 3628 1991 3701 Caesaris,
2036 3628 2199 3707 prius
2247 3647 2284 3686 a
2329 3628 2615 3689 Jocundo
2662 3628 2765 3688 im·

632 3735 918 3816 pressioni
946 3732 1103 3806 data,
1155 3729 1446 3810 posterius
1484 3748 1522 3788 a
1569 3726 1738 3786 nobis
1788 3725 2224 3804 diligentissime
2272 3725 2480 3800 revisa,
2528 3736 2591 3786 et
2632 3747 2762 3792 cum

633 3831 1061 3910 exemplaribus
1083 3829 1350 3906 ejusdcm
1381 3827 1619 3897 collata,
1671 3824 1954 3884 restitutis
1984 3823 2256 3882 omnibus
2302 3822 2468 3893 locis,
2496 3843 2640 3902 quoe
2667 3843 2770 3903 per

635 3928 911 3990 incuriam
939 3928 1016 3986 ab
1045 3927 1134 3998 iis,
1177 3926 1280 4005 qui
1306 3945 1375 3984 ea
1404 3926 1770 4003 impressere,
1803 3922 1893 3982 vel
1920 3921 2143 3992 relicta,
2174 3921 2268 3980 vel
2295 3931 2489 3980 errata
2514 3921 2765 3982 suerunt.

515 4083 520 4090 .
555 4081 564 4090 .
635 4027 789 4085 -ln
813 4025 905 4084 bis
933 4032 1127 4085 autem
1155 4023 1600 4109 Commentariis
1628 4021 2000 4081 continentur
2030 4020 2123 4079 Dc
2153 4017 2308 4079 bello
2342 4017 2583 4079 Gallico
2612 4017 2769 4078 Libri

567 4158 572 4164 -
638 4139 799 4183 vm.
885 4123 979 4182 De
1023 4120 1178 4181 bello
1219 4120 1374 4180 civili
1402 4118 1761 4197 Pompeiano
1794 4117 1951 4178 Libri
1981 4133 2126 4178 1111.
2172 4167 2179 4174 .
2212 4116 2304 4175 De
2332 4114 2493 4175 bello
2522 4116 2769 4175 Alexan-

638 4219 806 4284 drino
830 4218 1007 4280 Liber
1035 4237 1207 4290 unus,
1237 4220 1355 4280 ἀΰ.
1438 4215 1701 4278 Nomina
1725 4216 2013 4288 locorum,
2043 4212 2295 4285 urbium,
2325 4209 2768 4293 et-populornt'n
