3017 4925
848 474 947 522 ως
995 473 1176 523 vrrs
1219 472 1424 523 mnu
1475 472 1833 525 cssssms.
2268 460 2441 530 1817

257 621 306 680 is
329 622 542 684 ltaliam
569 625 756 699 venit,
785 635 849 686 nt
887 645 1089 688 omnes
1117 625 1293 685 nrbes
1329 634 1397 686 et
1429 624 1656 686 famosa
1683 625 1866 705 opida
1904 624 2198 705 cisalpinae
2225 627 2442 690 Gallim

256 718 677 794 circumeundo,
722 722 1073 802 populorum
1103 722 1348 802 gratiam
1377 721 1487 781 sibi
1530 722 1869 782 conciliaret
1893 744 1909 783 ε
1938 740 1988 782 a
2015 722 2227 802 quibus
2258 728 2445 785 omni-

258 812 352 876 bns
401 817 530 896 plus
580 838 764 898 qusm
806 820 1065 880 humano
1110 820 1278 880 cultu
1324 837 1398 879 ac
1446 820 1813 881 veneratione
1866 830 2195 900 susceptus,
2244 841 2443 882 rursus

253 916 644 995 transalpinam
688 918 750 978 in
793 918 1044 978 Galliam
1087 918 1363 978 remeavit
1401 916 1477 977 ad
1520 910 1861 989 exercitum,
1890 937 2205 999 suspensus
2247 920 2443 979 animo

252 1019 411 1090 atque
435 1025 759 1092 expectans
784 1015 927 1094 quid
971 1015 1046 1076 de
1079 1036 1141 1076 se
1167 1016 1416 1076 Senatus
1443 1023 1505 1075 et
1547 1015 1879 1095 respublica
1904 1015 2274 1076 decrevisset.
2360 1017 2442 1077 Hi

255 1117 373 1167 sunt
397 1110 636 1187 quidem
670 1112 984 1173 multorum
1014 1132 1300 1174 annorum
1330 1113 1583 1173 Caesaris
1608 1113 1842 1173 labores
1880 1113 1936 1171 in
1965 1112 2183 1186 Gallia,
2215 1114 2306 1174 boe
2334 1113 2450 1174 dif-

255 1209 542 1284 ficultates,
612 1213 750 1274 lnaec
806 1215 1101 1294 pericula;
1176 1214 1273 1274 uni
1330 1233 1543 1293 magno
1603 1214 1857 1297 imperio
1901 1213 2119 1275 nedum
2176 1216 2275 1275 uni
2321 1214 2449 1276 viro

253 1308 409 1367 munita
437 1309 580 1370 satis
619 1321 682 1384 et
726 1313 964 1390 gravia:
1026 1331 1275 1391 quorum
1306 1330 1593 1372 summam
1634 1311 1979 1391 complexus
2014 1321 2103 1372 est
2130 1311 2443 1372 Suetonius

251 1404 609 1487 Tranquillus
641 1409 736 1468 his
770 1408 973 1482 verbis,
1005 1428 1138 1488 quse
1166 1409 1413 1468 inserere
1431 1408 1609 1487 juvat
1634 1417 1873 1485 propter
1899 1408 2164 1467 eximiam
2196 1408 2444 1468 brevita-

253 1513 375 1562 tem.
451 1506 680 1579 Gessit,
709 1506 1024 1584 ⁸⁸inquam,
1060 1525 1268 1566 novem
1299 1504 1486 1576 annis,
1515 1505 1731 1584 quibus
1780 1505 1837 1565 in
1881 1505 2122 1582 imperio
2153 1504 2282 1576 fuit,
2313 1505 2442 1566 baec
2566 1549 2581 1561 ,

252 1597 385 1659 fere:
427 1620 665 1662 omnem
713 1602 973 1662 Galliam
1002 1623 1136 1682 quae
1175 1621 1212 1662 a
1259 1602 1411 1662 saltu
1466 1602 1679 1663 Pireno
1727 1602 2099 1681 Alpibusque
2140 1611 2200 1662 et
2251 1612 2445 1662 monte

252 1696 536 1769 Gebeuna,
568 1697 913 1759 fluminibus
938 1699 1149 1759 Rheno
1197 1718 1270 1759 ac
1319 1698 1571 1759 Rodano
1617 1700 1972 1771 continetur,
2016 1708 2296 1778 patetque
2338 1698 2449 1757 cir-

251 1793 391 1853 cuitu
431 1795 505 1856 ad
559 1796 654 1856 bis
702 1806 762 1857 et
804 1797 1009 1857 trecies
1059 1807 1291 1858 centum
1332 1797 1492 1857 milia
1535 1817 1832 1876 passuum,
1882 1806 2097 1877 praeter
2141 1796 2329 1856 socias
2370 1815 2445 1856 ac

252 1889 616 1954 benemeritus
646 1893 931 1967 civitates,
959 1895 1017 1956 in
1040 1895 1356 1974 provincias
1377 1895 1626 1955 formam
1650 1895 1890 1973 redegit,
1912 1893 2083 1972 eique
2104 1894 2159 1952 in
2187 1893 2445 1972 singulos

250 2004 411 2047 annos
437 1989 776 2069 ¹3⁹stipendii
823 2011 1034 2050 nomen
1085 1991 1386 2072 imposuit.
1467 1994 1798 2053 Germanos
1827 1991 1930 2070 qui
1971 2000 2130 2051 trans
2172 1991 2442 2051 Rhenum

252 2080 495 2148 incolunt
552 2089 780 2165 primns
828 2089 1157 2149 ⁹0R0mm
1212 2099 1392 2168 ponte
1445 2089 1736 2150 fabricato
1796 2107 2125 2167 aggressus,
2182 2087 2446 2148 maximis

249 2177 426 2241 :tecit
448 2182 743 2244 cladibus,
832 2191 1155 2263 Aggressus
1189 2196 1250 2245 et
1278 2185 1619 2246 Brittannos
1645 2186 1876 2264 ignotos
1911 2196 2103 2254 antea,
2132 2188 2448 2265 superatis-

251 2294 352 2354 que
378 2280 660 2356 pecunias
685 2290 746 2340 et
787 2280 1024 2341 obsides
1049 2281 1377 2360 imperavit.
1461 2283 1540 2342 Et
1567 2283 1695 2342 baec
1725 2282 1839 2356 ille,
1871 2302 2006 2361 quoe
2047 2302 2153 2342 nos
2183 2283 2358 2344 latius
2385 2283 2445 2341 in

249 2371 485 2435 historiae
509 2376 768 2438 formam
795 2390 997 2438 nostro
1025 2396 1187 2439 more
1213 2379 1584 2458 digessimus.

317 2473 388 2533 Et
411 2493 574 2536 arma
606 2475 845 2554 quidem
873 2475 1015 2538 Julii
1049 2478 1298 2539 Caessris
1345 2478 1508 2539 clara
1554 2479 1861 2551 hactenus,
1906 2479 2177 2558 gloriosa,
2223 2481 2442 2560 magni-

256 2566 379 2631 fica:
420 2573 530 2635 etsi
578 2573 735 2634 enim
782 2574 842 2633 iu
889 2574 1178 2636 nonnullis
1227 2575 1457 2636 actibus
1507 2574 1716 2635 modus
1763 2575 2019 2637 fortassis
2046 2576 2442 2649 excederetur,

251 2666 404 2746 [171]
451 2690 635 2750 quem
684 2673 742 2732 in
792 2671 1166 2733 multitudine
1207 2682 1469 2745 actuum,
1517 2672 1813 2751 praecipue
1843 2672 2209 2744 bellicorum,
2239 2673 2313 2732 ad
2345 2693 2453 2732 una

255 2783 410 2841 gueni
437 2788 670 2829 servare
698 2767 963 2832 difficile:
1010 2771 1134 2830 Etsi
1164 2771 1449 2846 Suetonii,
1499 2789 1678 2850 quem
1722 2770 1989 2849 proximo
2031 2770 2344 2842 nominavi,
2370 2770 2446 2830 de

255 2861 368 2939 ipso
411 2866 712 2943 loquentis
761 2866 934 2944 plane
979 2865 1091 2927 ista
1123 2865 1405 2927 sententia
1434 2867 1532 2926 sit:
1580 2865 1922 2944 ‘Siquidem
1971 2884 2081 2927 nec
2127 2865 2452 2938 ⁹¹dictum,’·

255 2958 343 3029 ait,
384 2968 402 2994 ⁶
425 2963 566 3023 belli
596 2962 716 3023 ulla
763 2965 1048 3024 “actione
1089 2962 1292 3042 injusti
1320 2983 1393 3024 ac
1421 2962 1738 3043 periculosi
1786 2962 2084 3036 abstinuit,
2116 2973 2235 3024 tam
2265 2963 2452 3025 foede-

255 3058 376 3116 ratis
403 3080 584 3139 qnam
615 3060 839 3121 infestis
865 3081 937 3121 uc
985 3060 1122 3121 seris
1169 3062 1445 3141 gentibus
1475 3060 1633 3121 ultro
1662 3060 1988 3122 lacessitis!
2070 3063 2164 3121 Ac
2211 3071 2449 3122 constat

259 3155 444 3234 utique
492 3157 810 3238 gloriosum
859 3157 1008 3218 nibil
1050 3177 1178 3218 esse
1227 3157 1389 3237 quod
1434 3157 1739 3217 ⁹³multum
1791 3156 1884 3217 sit.
1982 3157 2271 3226 Quamvis
2317 3159 2447 3218 baec

259 3250 476 3331 inquam
504 3255 589 3315 ita
615 3256 747 3326 sint,
779 3264 837 3317 et
868 3255 1062 3334 possit
1090 3254 1285 3316 forsan
1313 3275 1461 3316 unus
1486 3254 1757 3335 alterque
1784 3264 1953 3315 actus
1978 3254 2176 3333 argui:
2221 3273 2448 3315 summa

260 3358 428 3412 tamen
455 3352 976 3432 irreprehensibilis
1003 3351 1188 3412 videri
1217 3360 1433 3429 potest.
1488 3351 1521 3384 ⁴⁵
1543 3351 1831 3430 Pugnare,
1863 3350 2157 3429 propriam
2186 3359 2247 3410 et
2276 3369 2446 3410 suum

258 3456 307 3505 et
330 3447 549 3530 imperii
581 3450 668 3509 sui
695 3470 906 3510 nomeu
935 3449 1153 3512 crebris
1180 3470 1251 3509 ac
1280 3447 1546 3509 maximis
1567 3468 1776 3508 ornare
1800 3447 2074 3519 victoriis,
2097 3453 2163 3506 et
2180 3445 2450 3507 Romana
2581 3452 2584 3455 ’

261 3544 448 3608 virtute
475 3548 734 3607 furorem
764 3547 1190 3627 compescuisse
1237 3547 1638 3608 barbaricum:
1685 3545 1882 3625 itaque
1932 3543 2222 3623 generosis
2269 3563 2448 3606 cona·

259 3639 396 3704 tibus
421 3644 590 3705 affuit
615 3645 870 3717 fortuna,
899 3654 959 3706 et
1000 3646 1176 3706 rebus
1222 3665 1405 3726 supra
1440 3663 1606 3723 spem
1638 3661 1932 3723 supraque
1959 3640 2139 3702 fidem
2170 3660 2448 3721 prospere

262 3742 715 3813 succedentibus,
747 3741 899 3803 idem
929 3742 1024 3803 ille
1053 3753 1285 3804 senatus
1317 3743 1421 3821 qui
1464 3742 1688 3821 legatos
1731 3739 1806 3800 ad
1857 3739 2288 3818 explorandum
2330 3749 2447 3800 sta-

261 3844 367 3895 tum
421 3838 752 3898 Galliarum
799 3838 1115 3900 mittendos
1163 3839 1482 3920 aliquando
1534 3837 1889 3910 decreverat,
1938 3847 2013 3919 et,
2047 3837 2134 3896 illi
2187 3837 2295 3916 ipsi
2342 3837 2445 3917 qui

260 3931 575 3996 dedendum
620 3926 888 3996 hostibus
932 3945 1283 3999 censuerant
1326 3937 1513 4017 (gravi
1554 3955 1794 4015 prorsus
1819 3945 1881 3997 et
1910 3935 2117 3996 odiosa
2142 3934 2450 4007 sententia)

261 4027 619 4093 admiratione
650 4052 861 4107 rerum,
906 4035 1107 4114 gloriae
1153 4034 1390 4095 tandem
1430 4053 1556 4094 suae
1602 4032 1896 4107 faverunt,
1939 4033 2112 4110 eique
2160 4030 2360 4109 plures
2387 4039 2450 4089 ct

314 4178 373 4226 88
402 4179 565 4244 Lege,
599 4179 908 4243 inquit—80
928 4182 1089 4247 Lege,
1116 4181 1342 4246 “iperiani
1370 4181 1562 4232 munins
1580 4178 2114 4245 quadringenta—so
2153 4175 2326 4237 Forte,
2352 4175 2449 4225 Ro·

263 4264 626 4352 βψω-91
651 4261 830 4325 Forte,
858 4263 1171 4314 ‹leima-⁹2
1195 4263 1354 4327 Lege,
1372 4261 1625 4327 occasione,
1644 4275 1704 4312 se
1732 4258 1901 4322 ὰύιαί
1918 4256 2252 4323 quidem—93
2276 4255 2453 4320 Forte,

263 4347 481 4401 wunt-
