3017 4925
870 391 967 441 nu
1014 385 1192 440 νιτΑ
1236 387 1441 438 sumt
1503 383 1859 437 efflamus.
2292 363 2467 446 '1715

286 541 538 603 Romam
562 533 797 596 virtutis
837 533 1226 606 adolescenti,
1276 540 1338 593 et
1376 533 1650 593 Romano
1696 531 1835 603 civi,
1884 532 2189 612 legationis
2227 535 2467 603 ”heroti

285 649 471 698 nunus
493 631 851 712 imponeret,
874 641 933 691 et
960 637 1204 711 propter
1248 631 1516 690 eximiam
1558 644 1697 709 erga
1744 629 2146 707 imperatorem
2175 630 2374 708 fidem,
2408 645 2471 700 et

284 741 499 813 propter
522 731 742 810 linguoe
771 729 1022 791 Gallicae
1048 727 1344 801 notitiam,
1394 743 1575 807 quam
1621 726 1750 805 ipse
1785 725 1963 785 etiam
2012 728 2336 791 Ariovistus
2365 732 2470 797 diu

287 830 454 893 Galli·
495 829 897 890 incumbendo
932 827 1248 888 didicerat.
1332 825 1582 887 Addidit
1625 824 1679 884 ei
1727 824 2012 905 collegam
2060 827 2149 886 M.
2195 829 2471 907 Metium,

288 927 535 988 Ariovisti
560 927 750 1008 ipsius
775 926 1088 1006 hospitem,
1116 924 1281 1006 quod
1311 924 1370 985 in
1401 925 1511 983 hos
1553 922 1698 983 duos
1744 929 1803 983 et
1842 923 2080 1002 originis
2129 935 2192 986 et
2231 911 2474 1008 hospitii

282 1024 401 1101 ,iare
422 1026 652 1085 minime
682 1025 996 1086 saeviturus
1040 1023 1321 1083 barbarus
1363 1020 1680 1082 videretur.
1764 1020 1864 1080 Sic
1910 1040 2103 1100 neque
2132 1021 2244 1084 illis
2274 1027 2470 1106 hospi-

285 1122 432 1193 unu,
459 1141 650 1202 neque
677 1121 867 1201 origo,
897 1139 1087 1201 neque
1104 1119 1208 1197 jus
1236 1118 1495 1199 gentium
1524 1115 1729 1176 valuit.
1809 1117 1976 1177 lllico
1995 1120 2153 1179 enim
2185 1130 2251 1181 ut
2294 1123 2370 1184 ad
2413 1141 2475 1186 se

287 1218 722 1280 venientes-illos
759 1218 928 1290 vidit,
975 1217 1250 1279 audiente
1294 1215 1554 1277 exercitu
1598 1213 1766 1294 quasi
1795 1214 2035 1276 rabidus
2081 1219 2475 1288 exclamavit:

286 1320 369 1375 ‘et
403 1316 742 1395 quomodo:
802 1314 1012 1393 inquit,
1070 1315 1225 1375 ‘huc
1268 1314 1527 1385 venistis,
1567 1332 1644 1373 an
1683 1312 2025 1392 explorandi
2074 1317 2299 1392 gratia?
2381 1322 2477 1381 An

288 1412 412 1491 quid
438 1413 520 1473 rei
546 1423 640 1475 est
666 1413 845 1473 vobis
871 1412 931 1474 in
958 1413 1164 1473 castris
1203 1412 1348 1472 mels
1364 1413 1413 1473 ‘l'
1450 1420 1723 1492 parantes
1770 1430 2010 1471 causam
2055 1413 2144 1473 sui
2191 1414 2479 1479 adventus

288 1510 452 1589 loqui,
481 1510 670 1570 vetuit
684 1520 754 1569 et
782 1509 844 1571 in
870 1508 1104 1569 vincula
1132 1507 1443 1569 conclusit.
1529 1509 1664 1567 Hoc
1691 1508 1851 1568 facto
1877 1507 2071 1568 statim
2101 1507 2234 1569 inde
2265 1510 2483 1572 disces-

289 1605 383 1669 sit:
421 1613 482 1666 et
506 1625 610 1667 sex
654 1607 825 1667 milia
850 1625 1129 1687 passuum
1157 1625 1344 1687 prope
1374 1607 1672 1666 Caesarem
1701 1613 1893 1666 castra
1922 1611 2169 1667 metatus
2196 1617 2307 1669 est.
2347 1607 2484 1688 [40]

290 1702 608 1782 '‘Cumque
626 1704 774 1783 -ipse
800 1704 997 1764 locum
1026 1704 1119 1763 die
1149 1703 1424 1783 proximo
1452 1703 1736 1763 mutavit:
1779 1713 1840 1763 et
1883 1703 2198 1763 ”dimissis
2244 1727 2278 1766 a
2320 1716 2484 1786 tergo

289 1801 475 1860 eastris
500 1803 931 1874 Romanorum,
958 1800 1035 1860 ad
1059 1799 1180 1860 duo
1207 1799 1365 1860 milia
1393 1817 1674 1879 passuum
1701 1798 1780 1859 ab
1807 1787 1986 1860 altera
2005 1803 2174 1879 parte
2195 1802 2486 1876 consedit,

292 1915 401 1975 quo
444 1897 685 1958 scilicet
729 1907 1090 1959 commeatus
1144 1896 1285 1958 inde
1337 1911 1616 1958 venturos
1669 1897 1747 1957 ad
1806 1899 2099 1959 Caesarem
2154 1900 2487 1979 impediret.

292 1992 472 2054 enar
509 2003 716 2056 antem
759 1993 1024 2074 quotidie
1070 1996 1417 2056 instructam
1474 1995 1658 2056 aciem
1703 1996 1908 2056 castris
1948 1995 2230 2069 educens,
2271 2016 2488 2077 pugnae

293 2091 506 2169 copiam
533 2090 816 2151 hostibus
840 2090 1116 2153 faciebat.
1203 2092 1536 2152 Ariovistus
1567 2077 1629 2152 se
1648 2093 1852 2153 castris
1871 2093 2097 2153 assidue
2118 2094 2491 2156 continebat:

293 2203 382 2246 sex
409 2197 610 2250 nmen
637 2188 905 2267 equitum
934 2188 1113 2261 milia,
1154 2197 1216 2249 et
1261 2188 1512 2250 totidem
1557 2190 2129 2268 expeditissimorum
2157 2187 2496 2270 peditum¹⁴

294 2286 383 2362 qui
428 2282 642 2347 dietim
691 2284 920 2345 levibus
974 2284 1189 2364 proeliis
1241 2286 1540 2349 Romanos
1590 2284 1961 2347 incesserent.
2044 2285 2113 2346 Id
2165 2308 2301 2348 vero
2355 2307 2494 2349 cum

295 2379 491 2442 diebus
518 2381 792 2461 quinque
812 2381 1100 2442 continuis
1128 2391 1327 2442 actum
1354 2389 1531 2453 esset,
1571 2382 1813 2461 cognito
1843 2384 2042 2443 Caesar
2070 2384 2325 2444 hostium
2357 2404 2497 2466 pro·

296 2480 494 2558 posito,
522 2498 650 2540 non
677 2480 911 2540 diutius
926 2480 1064 2540 tulit
1090 2500 1151 2540 se
1176 2480 1608 2541 commeatibus
1633 2479 1973 2541 intercludi:
2017 2482 2119 2541 sed
2148 2491 2335 2541 castra
2364 2482 2500 2543 hos-

299 2575 435 2637 tium
458 2576 887 2639 transcendens
928 2577 1005 2636 ad
1050 2585 1358 2638 sexcentos
1403 2594 1526 2635 non
1570 2576 1823 2655 amplius
1852 2595 2072 2655 passus,
2103 2576 2301 2639 locum
2330 2577 2498 2639 novis

300 2673 491 2735 essu-is
546 2672 828 2734 idoneum
868 2673 1216 2754 occupavit:
1257 2682 1320 2733 et
1367 2671 1718 2751 praesagiens
1761 2672 2077 2732 barbarum
2124 2672 2500 2749 obstiturum,

300 2780 405 2831 tres
430 2769 592 2833 acies
620 2769 1006 2844 ordinaverat,
1053 2790 1299 2851 quarum
1327 2769 1512 2830 duaa
1494 2788 1554 2829 m
1585 2769 1818 2831 hostem
1850 2788 2034 2829 versae
2058 2778 2120 2830 et
2143 2769 2204 2830 in
2231 2771 2502 2850 proelium

302 2865 535 2929 intentae
561 2875 779 2939 essent,
809 2866 979 2928 tertia
1006 2866 1296 2929 metandis
1321 2865 1528 2927 castris
1547 2866 1950 2927 incumberet:
1994 2866 2154 2947 quod
2177 2869 2503 2930 Ariouistus

303 2961 644 3043 intelligens,
668 2980 884 3043 magna
906 2972 1071 3043 parte
1091 2963 1377 3044 pedestris
1402 2962 1694 3023 exercitus
1723 2970 1785 3022 et
1823 2958 1874 3001 ³⁵
1888 2964 2150 3023 omnium
2178 2966 2506 3044 equitatum

306 3059 577 3133 immisso,
609 3060 849 3123 turbare
877 3080 999 3121 rem
1027 3059 1214 3120 voluit
1240 3079 1351 3119 nec
1376 3058 1579 3121 valuit.
1661 3059 1755 3118 lta
1782 3058 1981 3119 devoti
2007 3068 2175 3121 erant
2199 3081 2402 3123 omnes
2426 3062 2508 3123 ad

306 3154 600 3237 inperium
649 3154 896 3218 cesaris
936 3154 1367 3236 exequendum.
1449 3157 1586 3218 Jam
1640 3154 1763 3216 duo
1808 3155 1960 3216 inter
2005 3157 2275 3218 Romana
2315 3170 2512 3221 castra

306 3263 591 3316 mutatus
620 3253 824 3326 bostis,
851 3262 916 3315 et
936 3254 1136 3315 multis
1165 3253 1473 3315 insultibus
1490 3253 1820 3326 lacessitus,
1863 3254 2071 3315 castris
2100 3265 2296 3325 tamen
2334 3257 2513 3336 perti·

310 3350 525 3412 uaciter
550 3369 615 3412 sc
636 3349 913 3412 tenebat:
955 3351 1119 3430 quod
1146 3368 1286 3410 cum
1311 3351 1515 3411 Caesar
1535 3349 1832 3410 admirans
1859 3372 1933 3413 ex
1961 3352 2210 3428 captivis
2253 3353 2510 3433 inquire·

310 3456 423 3521 κείς
468 3447 616 3528 quid
672 3464 870 3508 causae
922 3461 1074 3509 esset
1127 3447 1291 3527 quod
1329 3448 1614 3511 Germani
1656 3446 1710 3487 ³⁶
1724 3447 2077 3508 bellatissimi
2120 3448 2382 3509 homines
2424 3450 2511 3508 sic

315 3541 460 3604 bella
501 3554 849 3617 metuerent,
893 3546 1283 3625 deprehendit
1327 3565 1433 3607 eoa
1485 3545 1744 3605 sortibus
1791 3544 2265 3621 muliercularum
2322 3554 2514 3608 castra

318 3642 672 3721 sequentinm
720 3642 1083 3715 absterritos,
1133 3664 1209 3705 ne
1245 3653 1381 3704 ante
1432 3660 1648 3711 novam
1693 3642 1893 3701 lunam
1924 3661 2157 3703 manum
2181 3662 2318 3703 cum
2349 3645 2516 3704 hoste

318 3743 716 3799 consererent:
760 3741 817 3777 ³⁷
833 3758 1087 3819 cumque
1112 3760 1338 3802 moram
1383 3742 1819 3803 Germanorum
1857 3748 2263 3817 pervetustum
2293 3761 2422 3801 esse
2452 3748 2518 3800 ut

320 3834 523 3895 talibus
550 3844 907 3914 regerentur.
990 3839 1191 3897 Caesar
1214 3855 1352 3896 vero
1380 3835 1479 3896 cui
1507 3835 1668 3894 nulia
1689 3835 1993 3895 videretur
2034 3837 2265 3914 gravior
2281 3838 2522 3911 jactura

319 3948 489 4010 quam
517 3932 822 4011 temporis,
850 3933 948 3993 vix
975 3933 1174 3995 adhue
1202 3934 1398 3995 triduo
1427 3942 1795 4011 exspectato,
1824 3931 2092 4005 firmavit,
2149 3932 2308 4011 quod
2364 3934 2523 4012 inge-

318 4028 413 4089 nio
437 4047 556 4091 non
586 4038 811 4109 posset,
862 4028 920 4089 vi
966 4042 1168 4111 aperta
1194 4024 1436 4092 hos‘tes
1420 4050 1478 4090 1n
1509 4031 1778 4109 proelium
1823 4030 2055 4089 elicere.
2137 4031 2347 4107 Itaque
2399 4028 2521 4089 suis

378 4162 439 4210 21
472 4156 1017 4221 Forte,1m,iusee.-82
1050 4162 1212 4226 Lege,
1239 4177 1430 4226 eumque
1462 4160 1764 4225 ipsum—38
1800 4158 2079 4221 maduere,
2111 4171 2207 4219 pro
2243 4154 2524 4220 relinquere,

319 4240 597 4303 sepissime
636 4239 804 4289 utitur
842 4239 926 4289 hic
964 4249 1165 4293 auctor.
1166 4247 1298 4293 -84
1332 4244 1502 4293 Deest
1547 4240 1748 4307 aliquod
1795 4238 2155 4290 verbane-3⁵
2200 4239 2360 4303 Ιιεςε,
2399 4236 2528 4286 omni

318 4319 681 4384 efflatu—³6
713 4320 875 4384 Lege,
893 4320 1328 4373 bellacueimt-ar
1359 4323 1523 4388 Lege,
1542 4336 1735 4386 eumque
1754 4334 1812 4369 w
1824 4331 1944 4369 ram.
