3017 4925
911 397 1008 454 nn
1050 402 1235 456 vrrs
1276 402 1485 458 sunu
1529 401 1888 462 omanis.
2319 386 2498 460 ΠΜ

286 555 439 621 met.
466 555 571 610 aut
594 546 787 612 ferret.
809 548 1117 612 auxilium.
1194 548 1355 610 Nam
1382 547 1431 608 si
1458 547 1701 609 forsitan
1742 549 1792 584 ⁹¹
1807 547 2118 610 transferre
2144 568 2264 612 non
2287 557 2496 629 posset

283 647 621 727 reipublice
646 648 903 727 negotiis
928 658 1281 729 occupatus,
1333 648 1472 708 satis
1504 646 1862 725 abundeque
1907 645 2022 706 illis
2069 666 2191 707 esse
2232 648 2498 726 praesidii

283 745 543 808 insolius
570 746 873 808 exercitus
903 747 1072 818 sama,
1123 766 1260 827 quae
1303 756 1441 825 post
1487 745 1790 805 devictum
1829 744 2263 820 ⁹²Ariojustum
2311 755 2496 825 atque

283 842 557 904 ultimum
582 844 701 906 hoc
730 844 997 921 praelium
1025 844 1386 916 confectum,
1432 853 1555 904 tam
1602 843 1720 903 late
1766 862 1873 922 per
1916 853 2172 904 extrema
2211 842 2262 881 ⁹³
2276 841 2498 905 Galliae

284 940 501 1006 diffusa
525 952 703 1017 esset,
738 952 804 1002 ut
833 942 950 1002 snb
976 941 1105 1018 ejus
1141 943 1351 1002 umbra
1378 942 1626 1003 nominis
1658 950 1816 1001 tutos
1842 962 1905 1001 se
1933 962 2058 1002 esse
2087 960 2260 1020 posse
2305 939 2496 1002 confi·-

282 1037 489 1102 «terent
508 1061 527 1098 ι
573 1039 837 1099 Navium
866 1060 1005 1102 vero
1032 1040 1107 1101 ad
1139 1041 1443 1102 transitum
1470 1041 1692 1102 affatim
1723 1040 1831 1100 sibi
1861 1060 1990 1100 esse
2015 1060 2128 1099 non
2171 1038 2498 1102 dubitaret.

284 1136 363 1196 Et
386 1137 594 1197 Caesar
618 1137 689 1196 iis
716 1137 956 1217 quidem
984 1137 1062 1197 de
1090 1139 1279 1198 causis
1315 1157 1387 1197 ac
1436 1137 1684 1198 fortasse
1733 1137 1857 1197 aliis
1906 1137 2213 1197 transitum
2249 1146 2498 1216 exopta-

286 1233 425 1295 bnt:
470 1233 583 1295 sed
609 1235 854 1296 transire
884 1236 1133 1297 navibus
1161 1255 1355 1315 neque
1384 1236 1525 1298 satis
1556 1245 1767 1308 tutum,
1795 1255 1986 1313 neque
2016 1234 2107 1294 vel
2133 1233 2248 1294 sibi
2274 1234 2366 1295 vel
2390 1253 2500 1313 po-

284 1332 429 1410 pulo
470 1334 749 1394 Romano
790 1334 932 1394 satis
972 1333 1365 1396 honorificum
1398 1334 1760 1413 judicabat:
1826 1334 2205 1410 animumque
2243 1331 2381 1392 ideo
2419 1331 2498 1392 ad

282 1438 639 1492 structuram
667 1431 859 1509 pontis
905 1432 1252 1505 intenderat,
1299 1432 1529 1493 tametsi
1577 1430 1986 1492 difficultatem
2033 1430 2347 1490 maximam
2393 1428 2502 1489 fln-

286 1528 456 1588 minis
504 1521 763 1608 impetus
802 1528 1291 1607 profunditasque
1340 1537 1404 1588 et
1453 1528 1706 1589 latitudo
1754 1526 2224 1607 praetenderent:
2266 1525 2374 1588 sed
2415 1527 2500 1587 nil

286 1625 625 1688 volentibus
661 1626 951 1688 arduumt
1017 1628 1313 1707 disposuit
1361 1626 1732 1706 firmavitque
1792 1627 1884 1688 vel
1936 1627 2101 1685 nullo
2140 1624 2319 1687 modo
2359 1625 2502 1696 alio,

289 1724 381 1783 vel
407 1733 595 1802 ponte
626 1724 904 1788 transiret
955 1725 1212 1802 vicitque
1252 1744 1482 1784 omnem
1523 1744 1716 1784 rernm
1746 1723 2188 1803 perplexitatem
2215 1721 2503 1802 operosis-

289 1820 421 1882 simi
447 1831 634 1901 atque
660 1822 1053 1884 ardentissimi
1075 1823 1241 1884 ducis
1266 1822 1554 1883 industria
1580 1832 1762 1901 atque
1787 1821 2299 1901 obsequentissimi
2316 1820 2502 1881 durus

292 1918 459 1979 labor
506 1918 817 1981 exercitus.
897 1921 1085 1980 Ponte
1139 1920 1319 2000 igitur
1362 1920 1528 1982 brevi
1565 1930 1828 2000 tempore
1869 1921 2018 1981 mira
2058 1930 2183 1981 arte
2235 1917 2506 1999 perfecto

291 2015 550 2076 traduxit
576 2025 829 2077 armatas
857 2017 1132 2097 legiones.
1217 2003 1569 2097 Primusque
1597 2020 2020 2091 Romanorum,
2045 2017 2198 2079 sicut
2214 2017 2504 2096 scriptum
2533 2069 2542 2076 .

294 2121 400 2184 est,
429 2115 765 2175 Germanos
802 2115 903 2194 qui
951 2124 1109 2176 trans
1140 2116 1412 2176 Rhenum
1461 2115 1746 2187 incolunt,
1790 2135 2114 2197 aggressus,
2156 2114 2507 2176 “maximas

294 2209 490 2272 effecit
542 2210 855 2273 cladibus:
894 2213 998 2273 sed
1051 2232 1267 2292 sequor
1318 2212 1606 2274 ordinem.
1690 2213 1972 2274 Praesidio
2028 2212 2383 2273 validissimo
2427 2212 2508 2271 ab

295 2319 545 2391 utraque
572 2311 771 2391 pontis
798 2321 964 2391 parte
993 2310 1279 2383 dimisso;
1322 2310 1547 2390 primus
1574 2311 1656 2372 illi
1683 2321 1823 2391 post
1863 2311 2056 2372 Rheni
2102 2310 2402 2372 transitum
2444 2310 2506 2369 in

292 2408 632 2472 Sicambros
679 2408 793 2471 fuit
837 2409 1110 2488 impetus,
1159 2399 1297 2490 [71']
1335 2408 1441 2489 qui
1484 2409 1738 2489 superbe
1787 2408 2038 2471 Romani
2082 2407 2230 2471 fines
2278 2407 2510 2487 imperii

292 2507 507 2567 Rheno
527 2527 703 2567 amne
729 2508 1232 2588 praescripserant.
1313 2510 1391 2568 Et
1417 2509 1686 2589 pergenti
1712 2510 2023 2569 multarum
2050 2508 2284 2568 urbium
2327 2508 2511 2587 legio-

297 2625 401 2665 nes
437 2614 824 2665 occurrerunt
865 2605 1179 2667 amicitiam
1224 2598 1559 2685 pacemque
1601 2606 1948 2685 petentium,
1990 2605 2209 2684 quibus
2237 2602 2511 2665 omnibus

295 2701 547 2783 benigne
601 2702 965 2782 respondens
1018 2705 1219 2780 Cagsar
1262 2703 1500 2765 obsides
1548 2703 1880 2783 imperavit.
1960 2701 2246 2762 Sicambri
2287 2711 2508 2773 autem,

294 2810 361 2863 nt
395 2810 491 2862 est
524 2819 741 2880 magna
768 2818 901 2879 pars
928 2800 1232 2862 hominum
1258 2801 1454 2862 verbis
1483 2821 1662 2880 quam
1692 2801 1864 2861 sactis
1889 2798 2228 2871 animosior,
2257 2819 2398 2859 mox
2427 2797 2513 2859 in-

298 2900 456 2978 cepti
482 2898 646 2959 fama
670 2901 865 2977 pontis
908 2897 1131 2970 audita,
1179 2897 1554 2978 quorundam
1598 2898 1700 2976 qui
1760 2897 1921 2977 apud
1968 2917 2072 2957 eos
2110 2898 2512 2969 versabantur,

300 2997 521 3075 quibus
543 2997 811 3057 Romana
837 2995 1033 3057 notior
1060 2995 1245 3057 virtus
1272 3004 1418 3068 erat,
1466 2996 1715 3057 consilio
1757 3005 1935 3076 atque
1963 2994 2223 3067 hortatu,
2264 2993 2514 3061 desertis

300 3094 551 3156 urbibus
592 3112 729 3154 cum
779 3092 1029 3154 fortunis
1069 3095 1189 3155 suis
1235 3094 1513 3157 omnibus
1542 3095 1599 3154 in
1627 3092 1975 3154 solitudines
2002 3113 2074 3153 ae
2103 3092 2380 3153 silvarum
2425 3093 2518 3155 in-

297 3194 527 3259 teriora,
567 3190 970 3269 confugerant.
1054 3192 1255 3252 Caesar
1280 3192 1396 3252 hoc
1446 3191 1672 3271 pridem
1710 3190 1941 3250 tardum
1990 3200 2052 3250 et
2096 3189 2331 3250 difficile
2379 3191 2517 3252 belli

300 3310 489 3370 genus
511 3299 807 3368 expertus,
833 3300 897 3351 et
921 3291 1058 3370 plns
1085 3288 1253 3349 taedii
1287 3288 1423 3349 ⁹⁵iis
1451 3309 1627 3368 qnam
1657 3288 1919 3368 periculi,
1963 3297 2192 3365 tempus
2236 3287 2517 3351 inutiliter

300 3408 421 3449 non
466 3385 857 3449 ⁹6tenendam
883 3388 1102 3449 statuit.
1186 3387 1541 3451 Pervastatis
1567 3407 1708 3464 ergo
1736 3385 1875 3445 vicis
1914 3385 2205 3463 rebusque
2235 3384 2514 3456 hostium,

304 3506 424 3566 qno
453 3485 550 3547 vel
570 3484 787 3547 ferrum
814 3485 1011 3564 potuit
1039 3486 1133 3545 vel
1182 3484 1417 3546 flamma
1440 3485 1791 3564 pertingere,
1818 3482 1895 3543 ad
1926 3481 2138 3553 Ubios,
2182 3481 2297 3542 hoc
2319 3490 2414 3547 est
2434 3482 2514 3543 ab

306 3583 579 3645 hostibus
627 3584 704 3642 ad
740 3582 962 3643 amicos
1006 3581 1235 3643 transiit
1279 3590 1626 3661 expectatus
1676 3590 1855 3659 atque
1901 3585 2173 3657 optatus:
2218 3579 2271 3617 ⁹⁷
2284 3577 2362 3639 ad
2415 3597 2520 3641 eos

308 3700 443 3742 vero
490 3700 721 3742 moram
763 3682 1018 3755 trahens,
1064 3680 1439 3760 propositum
1485 3689 1548 3740 et
1598 3678 1843 3738 consilia
1887 3679 2212 3739 Suevorum
2261 3678 2516 3740 didicit:

306 3798 379 3838 ea
401 3786 569 3839 erant
597 3777 1034 3856 hujuscemodi.
1115 3782 1386 3858 Accepto
1413 3778 1573 3839 enim
1617 3776 1860 3838 transitu
1902 3778 2321 3848 Romanorum,
2366 3796 2519 3856 quo·

309 3894 437 3937 mm
469 3875 629 3936 fama
670 3875 899 3937 virtutis
939 3875 1068 3954 jam
1098 3885 1317 3936 cuncta
1343 3874 1762 3955 compleverat,
1793 3873 2031 3934 nuntios
2058 3874 2134 3934 ad
2165 3894 2367 3934 omnes
2395 3891 2517 3933 snae

308 3974 497 4053 gentis
528 3973 996 4053 circumquaque
1034 3972 1204 4033 9*diu
1232 3982 1538 4034 rexerant:
1583 3991 1766 4032 unum
1813 3971 2085 4033 omnibns
2128 3979 2518 4050 preceptum,

373 4114 435 4187 bl
492 4137 673 4197 Forte,
708 4135 971 4197 transferre
999 4141 1198 4189 se.—92
1250 4138 1413 4202 Lege,
1460 4135 1909 4187 Ariovistum—os
1945 4135 2126 4194 Forte,
2167 4130 2525 4182 Germaniam—-

313 4222 376 4269 9⁴
407 4219 590 4281 Forte,
616 4219 845 4269 naa-imin
881 4218 1193 4285 fiscia—96
1232 4216 1410 4287 Forte,
1449 4221 1700 4271 ersa—9⁶
1735 4217 1898 4283 Lege,
1937 4214 2329 4266 terendum-tn
2363 4213 2528 4281 Lege,

314 4302 587 4366 qum—08
620 4300 801 4364 Forte,
817 4300 1111 4354 dimanat.
