3017 4925
456 363 632 434 1710
1109 375 1170 428 s.
1217 366 1429 427 onos!
1476 370 2016 424 commortuae}

459 530 831 595 formidinem
858 536 1053 591 mente
1077 536 1491 609 conceperant,
1516 527 1822 607 territique
1847 527 1990 588 alios
2015 526 2334 589 terrebant.
2414 513 2677 609 Ianique

457 631 621 691 *dut
664 628 1015 709 contagione
1063 626 1316 707 quadam
1366 626 1509 687 totis
1556 626 1763 687 castris
1804 625 1989 686 effuso
2031 633 2214 697 metu,
2242 624 2341 685 alii
2388 624 2675 687 simulatis

462 727 653 796 musis
694 724 1036 786 necessariae
1078 722 1454 803 profectionis
1498 723 1835 784 missionem
1878 722 2236 802 flagitabant,
2279 722 2428 782 alios
2475 721 2678 801 pudor

463 825 624 886 solus
671 824 1029 894 continebat,
1060 822 1161 882 sed
1205 822 1440 883 tristitia
1486 823 1603 883 oris
1650 833 1710 882 et
1756 820 2048 883 interdum
2097 821 2406 901 lachrymis
2447 817 2675 881 metum

462 923 991 1001 ²concordiamque
1018 921 1403 983 testantibus:
1432 930 1492 981 et
1511 922 1642 999 jam
1671 920 1828 999 vulgi
1849 918 2160 998 trepidatio
2181 920 2258 979 ab
2289 917 2676 979 ³inhabitibus

461 1022 539 1082 ad
565 1021 830 1101 egregios
857 1020 1011 1080 viros
1042 1037 1278 1100 serpens
1306 1021 1712 1081 centurionum
1756 1038 1990 1098 quoque
2036 1026 2097 1077 et
2146 1016 2384 1076 militum
2420 1014 2679 1076 fortissi-

464 1139 595 1180 mos
619 1120 846 1179 animos
871 1119 1170 1199 attigerat:
1201 1128 1261 1180 et
1289 1139 1438 1197 quos
1464 1119 1638 1180 fateri
1661 1131 1880 1178 metum
1901 1114 2256 1176 verecundia
2284 1133 2403 1173 non
2425 1113 2676 1186 sinebat,

460 1236 581 1278 non
609 1236 672 1276 se
700 1218 929 1277 bostem
958 1216 1289 1290 formidare,
1333 1219 1436 1278 sed
1478 1218 1774 1296 angustias
1818 1215 2169 1277 silvestrium
2217 1214 2501 1284 locorum,
2548 1230 2681 1289 per·

464 1314 824 1394 plexumque
876 1313 1074 1375 durius
1119 1315 1247 1387 iter,
1296 1324 1354 1375 et
1408 1315 1815 1376 difficultatem
1873 1317 2325 1383 commeatuum,
2383 1310 2682 1371 dicebant.

464 1412 615 1472 Hoec
641 1411 717 1469 ad
748 1411 1039 1471 Caesarem
1072 1432 1208 1473 cuni
1238 1404 1418 1474 relata
1443 1420 1662 1483 essent,
1709 1432 1829 1472 non
1875 1410 2108 1490 ignarus
2149 1418 2433 1491 quantum
2462 1407 2519 1467 in
2552 1408 2683 1466 ani-

463 1509 573 1569 mis
606 1508 904 1569 munuum
935 1508 1081 1568 salsa
1108 1509 1283 1570 etiam
1313 1510 1495 1587 possit
1523 1509 1747 1588 opinio,
1798 1508 2228 1587 quamprimum
2274 1507 2380 1566 hos
2425 1512 2683 1565 terrores

465 1614 742 1668 excutere
770 1604 1037 1676 instituit,
1065 1607 1407 1683 priusquam
1438 1607 1496 1664 in
1526 1603 2052 1666 consternationem
2084 1603 2420 1683 pestiferam
2452 1602 2682 1662 coales-

466 1712 633 1762 cant:
683 1701 816 1780 [34]
864 1701 1280 1781 pmcipneque
1308 1702 1449 1762 illud
1494 1703 1643 1763 inter
1685 1712 1886 1763 cetera
1932 1702 2256 1768 ferebatur:
2302 1699 2684 1779 obtorpuisse

468 1798 619 1858 adeo
646 1815 854 1858 ornnes
891 1807 1069 1869 metu,
1102 1808 1168 1858 ut
1196 1798 1239 1857 si
1266 1798 1416 1859 forte
1446 1799 1505 1859 in
1535 1801 1719 1860 aciem
1754 1801 1896 1860 velit
1923 1800 2190 1872 educere,
2219 1818 2411 1877 neque
2441 1796 2688 1874 signifer

468 1914 661 1974 neque
689 1894 858 1954 miles
886 1895 1125 1974 imperia
1156 1905 1508 1974 excepturus
1537 1897 1633 1958 sit.
1691 1898 2050 1958 Convocatis
2077 1918 2217 1977 ergo
2237 1899 2313 1959 ad
2335 1900 2687 1961 concionem

464 1994 697 2065 eastris,
728 1992 1050 2052 orationem
1102 1993 1308 2053 babuit
1350 1996 1589 2073 plenam
1617 1995 1889 2054 animosis
1914 1996 2433 2068 exhortationibus,
2463 1997 2686 2057 acerri-

470 2090 697 2170 misque
716 2089 1286 2169 reprehensionibus.
1374 2098 1393 2124 ‘
1412 2090 1593 2159 Quod
1625 2092 1922 2151 temerarie
1945 2110 2014 2150 ac
2056 2091 2305 2171 superbe
2336 2092 2588 2153 consiliis
2619 2111 2688 2155 se

471 2189 591 2252 suis
642 2189 998 2268 ingererent:
1060 2207 1177 2248 non
1232 2188 1383 2248 enim
1442 2188 1691 2248 rnilitum
1742 2209 1870 2248 esse
1925 2189 2030 2248 sed
2078 2183 2256 2249 ducis‘
2302 2191 2567 2252 meditari
2621 2203 2691 2254 et

469 2285 778 2368 providere
805 2286 1019 2366 quibus
1047 2286 1156 2345 viis
1182 2287 1504 2347 exercitum
1534 2286 1745 2357 ducat:
1792 2287 2004 2365 quibus
2040 2288 2262 2348 artibus
2301 2297 2497 2368 regatz
2544 2309 2688 2368 quae

472 2385 750 2466 qnoniam
800 2385 910 2445 sibi
956 2385 1189 2464 provisa
1237 2385 1354 2446 sint
1399 2385 1615 2456 omnia,
1664 2385 1881 2446 frustra
1935 2401 2036 2446 eos
2087 2387 2247 2445 vanis
2290 2404 2362 2445 ac
2415 2384 2687 2446 ridiculis

476 2485 794 2547 terroribus
823 2483 1008 2562 quati.
1092 2485 1229 2544 Non
1270 2483 1480 2544 milites
1523 2483 1733 2544 ducem
1787 2484 2026 2557 ducere,
2056 2484 2155 2545 sed
2207 2484 2375 2564 sequi
2415 2496 2689 2565 oportere

472 2602 591 2665 qua
613 2582 768 2661 jussi
795 2583 942 2642 sint:
984 2580 1169 2643 fidere
1189 2582 1427 2662 quidem
1458 2603 1540 2654 se,
1567 2602 1682 2642 non
1713 2583 2154 2643 commissurum
2184 2582 2560 2656 Ariovistum,
2587 2583 2691 2645 ‘ut

470 2681 667 2743 amico
711 2680 897 2740 bostis
944 2676 1052 2739 fiat
1100 2680 1307 2759 populi
1358 2678 1623 2741 Romani.
1709 2678 1855 2739 Esto
1896 2687 2112 2749 autem,
2143 2679 2291 2737 male
2334 2699 2475 2739 sana
2521 2700 2687 2740 mens

475 2778 844 2858 praecipitem
875 2777 1237 2856 oblitumque
1266 2778 1356 2839 sui
1401 2787 1629 2857 ageret:
1676 2796 1795 2837 non
1839 2796 1901 2842 se
1949 2787 2146 2835 tamen
2195 2775 2533 2855 intelligere,
2581 2797 2694 2839 cur

471 2876 580 2936 bos
609 2884 805 2935 tantos
856 2873 968 2933 sibi
1018 2872 1302 2953 fingerent
1341 2895 1607 2954 pavores,
1658 2885 1762 2934 aut
1807 2874 1880 2933 de
1928 2872 2016 2931 sui
2062 2871 2450 2951 providentia,
2481 2882 2583 2937 aut
2611 2873 2690 2935 de

476 2973 717 3053 propria
740 2972 955 3033 virtute
984 2971 1332 3045 diffiderent,
1365 2982 1469 3033 aut
1517 2972 1705 3032 minus
1756 2971 1832 3030 de
1881 2990 1942 3029 se
1970 2979 2290 3048 sperarent,
2320 2968 2446 3029 ⁵tali
2478 2971 2602 3029 viro
2628 2981 2693 3033 et

476 3079 647 3131 certe
689 3070 871 3130 nobili
921 3071 1125 3130 saltem
1171 3090 1243 3131 ac
1293 3068 1453 3150 quod
1500 3069 1577 3129 de
1621 3068 1788 3146 Gajo
1835 3062 2077 3128 ⁶Marco
2119 3066 2346 3128 rustico
2401 3070 2691 3148 Arpinate

477 3176 815 3246 sperassent
861 3177 1056 3246 patres
1103 3187 1324 3240 eorum,
1383 3168 1486 3246 qui
1541 3164 1935 3226 ⁷Thet0nicos
1978 3184 2049 3225 ac
2105 3164 2394 3236 Cimbros,
2450 3164 2691 3227 duobus

475 3264 895 3324 cruentissimis
916 3276 974 3324 et
994 3275 1131 3344 post
1158 3264 1457 3325 hominum
1481 3261 1819 3322 memoriam
1843 3261 2107 3323 maximis
2128 3262 2340 3341 proeliis
2363 3262 2685 3326 delessent:

476 3381 672 3441 neque
699 3383 840 3423 vero
869 3362 1302 3443 desperandum
1330 3357 1487 3421 vinci
1535 3378 1707 3440 posse
1752 3363 2103 3433 German03‚
2154 3360 2275 3440 qui,
2307 3371 2373 3448 ut
2402 3348 2689 3425 Romanas

474 3459 550 3520 de
599 3460 681 3520 eis
728 3460 989 3521 victoriae
1038 3467 1317 3530 tacerent,
1364 3474 1523 3536 saepe
1568 3457 1645 3518 ab
1700 3458 1841 3538 ipsis
1886 3459 2165 3519 Helvetiis
2208 3479 2366 3519 nunc
2419 3458 2689 3519 Romano

472 3557 732 3618 subditis
758 3558 1002 3637 imperio
1030 3557 1168 3617 victi
1194 3564 1416 3616 essent:
1457 3565 1518 3616 et
1546 3556 1836 3635 siquando
1859 3557 2216 3617 contrarium
2243 3556 2547 3625 evenisset,
2569 3575 2690 3617 non

477 3654 727 3715 militum
773 3657 1008 3728 virtute,
1060 3655 1161 3715 sed
1215 3654 1493 3715 Ariovisti
1540 3654 1785 3716 consilio
1824 3665 2055 3734 gestum
2098 3672 2246 3725 esse,
2302 3653 2402 3733 qui
2445 3674 2583 3713 cum
2625 3640 2688 3714 se

482 3768 772 3832 satumque
821 3754 1143 3814 exercitum
1189 3752 1405 3812 multos
1450 3772 1680 3813 meuses
1708 3751 2069 3831 palustribus
2117 3750 2413 3823 tenuisset,
2454 3750 2582 3830 jam
2611 3750 2689 3812 de

477 3849 687 3928 praelio
718 3850 1086 3929 desperantes
1113 3868 1187 3908 ac
1216 3848 1512 3929 dispersos
1538 3868 1838 3929 aggressus
1879 3847 2116 3927 inopino
2148 3847 2395 3908 fudisset
2420 3849 2689 3909 incursu:

549 4098 583 4143 2
617 4093 798 4153 Forte,
816 4090 1286 4157 semisse-3
1310 4093 1487 4157 Forte,
1506 4093 1904 4149 inanitatem—4
1937 4094 2100 4160 Lege,
2117 4101 2173 4151 at
2194 4096 2538 4161 ananim—,⁴
2567 4095 2691 4149 Bu-

482 4162 646 4239 'pecta
669 4174 858 4225 verba:
894 4173 984 4225 tali
1002 4174 1108 4226 viro
1129 4179 1177 4225 et
1196 4181 1321 4227 ceres
1340 4175 1486 4227 nobili
1503 4177 1676 4228 saum
1692 4181 1868 4227 ‹rm—o
1895 4177 2057 4243 Lege,
2077 4176 2357 4229 Mamm—⁸1
2390 4177 2552 4244 Lege,
2574 4176 2692 4228 st&

487 4253 683 4304 taniaco.
