3017 4925
888 410 985 459 ns
1031 409 1212 457 viu
1256 408 1462 463 sunu
1508 406 1867 467 casamo.
2299 394 2475 467 1797

267 568 354 621 tus
397 578 433 619 a
477 560 718 638 paucis,
769 561 895 620 sola
934 560 1197 621 locorum
1247 558 1555 638 iniquitate
1602 559 1861 638 superati
1907 562 2092 623 sunt‘l
2132 580 2209 621 an
2247 561 2299 623 si
2327 563 2471 625 sliu

265 657 560 717 nesciretis
591 657 900 729 historias,
918 657 1089 719 obliti
1115 657 1308 728 eratis,
1355 665 1418 717 ut
1448 656 1661 717 nudius
1687 659 1894 719 tertius
1921 680 2032 737 ego
2057 661 2183 739 ipse
2209 660 2284 720 ad
2316 665 2475 722 Ava-

263 754 460 827 ricum,
490 756 640 814 dnm
673 755 875 815 hostes
900 755 1165 834 equitatu
1191 773 1265 815 ac
1290 754 1449 814 duce
1476 752 1751 823 nudatos,
1781 767 1843 815 et
1870 774 1975 834 per
2000 775 2060 814 se
2089 755 2240 815 vinci
2270 756 2471 818 faciles

263 863 391 911 ante
445 853 664 912 oculos
721 852 1083 921 haberemus,
1144 853 1280 931 quia
1335 862 1529 912 tamen
1576 851 1687 913 illis
1744 853 1863 913 loci
1908 853 2144 915 favebat
2198 853 2474 932 iniquitas

266 945 584 1009 ⁵⁶nostram
639 950 899 1010 nobilem
947 950 1402 1028 indignationem
1446 950 1523 1009 ab
1551 969 1748 1009 eorum
1778 952 2141 1029 aggressione
2169 951 2474 1013 continui?

261 1065 557 1124 nunquam
621 1047 932 1109 victoriam
988 1048 1398 1128 desperarem:
1466 1046 1568 1109 sed
1626 1066 1699 1106 ne
1745 1066 1942 1111 secum
2000 1049 2192 1125 magni
2248 1049 2471 1128 aliquid

261 1143 495 1205 afferret
550 1145 964 1206 incommodi:
1011 1165 1116 1205 vos
1158 1156 1222 1206 et
1263 1155 1526 1205 veterum
1573 1153 1636 1205 et
1678 1147 1997 1206 recentium
2030 1146 2217 1217 obliti,
2274 1146 2473 1207 hostes

263 1240 426 1299 simul
474 1251 540 1301 et
592 1252 872 1302 naturam
918 1244 1144 1305 vincere
1188 1242 1484 1303 voluistis:
1531 1242 1730 1303 metite
1779 1242 1954 1320 igitur
2002 1244 2163 1321 quod
2213 1244 2473 1305 sevistis:

263 1339 380 1398 ⁵⁷et
403 1338 526 1401 cui,
551 1339 699 1417 pius
740 1339 1024 1411 misereor,
1069 1340 1245 1418 [145]
1274 1348 1454 1401 metet
1496 1338 1627 1417 ipsa
1655 1339 2003 1417 respublica,
2034 1349 2122 1399 tot
2149 1339 2287 1400 viris
2312 1341 2473 1401 forti-

264 1433 367 1493 bus
410 1435 675 1507 amissis,
728 1436 932 1515 quami
978 1456 1090 1496 nec
1134 1439 1436 1514 Gergoma
1479 1454 1587 1495 nec
1633 1445 1759 1495 tota
1784 1445 1909 1495 erat
1937 1436 1986 1473 ⁵⁸
2003 1436 2260 1496 Alverni.
2343 1438 2472 1514 Ego

262 1529 494 1608 quidem
549 1532 966 1593 fortitudinem
1013 1544 1259 1593 vestram
1310 1533 1525 1602 miror:
1570 1552 1687 1612 qua
1730 1551 1839 1592 nec
1883 1532 2101 1592 arduus
2150 1553 2315 1594 mons
2362 1554 2474 1594 nec

261 1625 425 1697 nuri,
447 1648 568 1688 nec
595 1639 790 1689 castra
817 1629 1070 1689 bostium
1100 1628 1150 1667 ⁵⁹
1163 1629 1534 1689 circueruut:
1564 1630 1666 1690 sed
1697 1648 1813 1688 nou
1838 1631 2025 1691 minus
2053 1643 2112 1690 et
2138 1630 2474 1709 superbiam

261 1732 314 1783 et
341 1727 798 1791 contumaciam
826 1736 1075 1787 vestram
1104 1727 1340 1799 damno,
1372 1728 1473 1808 qui
1511 1728 1645 1806 plus
1673 1727 1838 1787 vobis
1862 1724 1919 1766 ⁶0
1930 1727 2220 1787 inventuri
2259 1746 2473 1807 praesa÷

261 1819 353 1897 gio
379 1823 668 1893 tribuitis,
711 1844 887 1902 quam
931 1824 1268 1903 imperatori
1309 1835 1536 1894 vestro:
1580 1825 1675 1886 cui
1724 1843 1842 1884 nou
1877 1825 2091 1904 jubere
2120 1825 2222 1887 sed
2271 1844 2476 1905 parere

264 1919 565 1992 tenemini,
602 1920 823 1999 quique
846 1922 1056 1983 frustra
1085 1920 1264 1981 datur
1287 1922 1582 1992 exercitui,
1610 1921 1658 1981 si
1683 1920 1757 1981 ad
1789 1930 1995 1982 nutum
2025 1921 2277 2001 quisque
2304 1941 2477 1983 suum

265 2012 340 2075 ire
386 2019 582 2094 possit
631 2018 692 2077 in
739 2018 1008 2096 proelium
1052 2036 1123 2077 ac
1177 2018 1406 2078 redire:
1450 2037 1644 2079 rarum
1691 2014 1959 2078 donum⁶¹
2024 2017 2204 2079 animi
2254 2018 2474 2081 bonum

266 2114 642 2189 providentia
667 2126 790 2175 est:
831 2115 966 2175 ideo
995 2114 1170 2193 pauci
1205 2122 1343 2175 sunt
1391 2114 1531 2174 boni
1558 2113 1762 2186 duces,
1804 2134 1942 2175 cum
1972 2116 2135 2175 multi
2165 2124 2303 2176 sunt
2331 2115 2477 2175 mine

269 2220 349 2269 tes
375 2212 654 2273 animosi.
738 2214 891 2283 Quae
917 2211 1159 2291 quidem
1188 2213 1369 2273 virtus
1417 2211 1467 2273 si
1506 2213 1782 2273 omnibus
1825 2213 1966 2275 data
2011 2224 2185 2285 esset,
2231 2212 2372 2291 quid
2415 2214 2476 2275 in

266 2306 431 2369 bellis
470 2329 632 2388 opus
671 2319 826 2370 esset
871 2311 1257 2388 imperatore3
1306 2321 1496 2372 vestra
1527 2331 1682 2372 nunc
1708 2311 1766 2371 in
1795 2311 1921 2372 acie
1949 2311 2201 2390 quisque
2227 2310 2340 2370 sibi
2367 2307 2480 2371 fuit

267 2404 630 2485 imperator:
678 2427 787 2486 ego
814 2406 1062 2470 tristium
1092 2417 1388 2488 spectator
1413 2418 1745 2480 eventuum,
1789 2417 1849 2469 et
1878 2407 2138 2470 stultitiae
2165 2406 2481 2485 castigator

241 2502 460 2574 ,irritus
489 2504 623 2574 fui;
667 2504 776 2583 qui
800 2503 1068 2583 profecto
1095 2525 1325 2584 semper
1363 2505 1422 2564 in
1454 2505 1739 2566 militibus
1768 2505 1913 2568 meis
1941 2514 2000 2565 et
2041 2504 2388 2570 modestiam
2415 2510 2479 2565 et

269 2602 691 2673 obedientiam,
735 2622 850 2661 non
881 2602 1070 2662 minus
1097 2621 1273 2681 quam
1306 2601 1705 2662 fortitudinem
1732 2600 2005 2678 requiro:
2058 2599 2241 2658 nolim
2281 2608 2476 2658 tamen

268 2717 368 2759 vos
393 2699 512 2760 boc
540 2719 735 2762 errore
761 2698 961 2776 dejici,
1011 2718 1128 2758 non
1158 2708 1373 2758 terrere
1402 2697 1502 2757 sed
1534 2717 1796 2775 arguere,
1845 2705 1906 2756 et
1945 2695 2229 2774 castigare
2255 2714 2478 2774 propo·

271 2796 447 2856 sitnm
496 2806 608 2869 est,
659 2815 927 2875 reparare
972 2806 1032 2856 et
1080 2795 1307 2855 firmare
1350 2795 1615 2855 animosa
1659 2795 1907 2854 errando
1950 2793 2211 2853 discitur.
2299 2792 2474 2854 Eritis

272 2892 346 2954 nd
372 2894 489 2954 alia
531 2894 594 2953 in
619 2903 922 2973 posterum
949 2893 1263 2954 cautiores.
1351 2891 1562 2970 Neque
1589 2890 1744 2952 enim
1774 2890 1917 2970 quid
1966 2888 2239 2969 iniquitas
2267 2888 2381 2949 loci
2412 2898 2474 2950 et

276 3003 459 3052 vestra
484 2988 669 3054 ⁶'stat
697 2990 961 3062 audacia,
1007 2988 1206 3050 virtuti
1244 2987 1500 3048 bostium
1530 2987 1940 3067 imputandum
1971 2998 2091 3046 est:
2138 2985 2474 3060 hesternum

275 3087 427 3148 diem
469 3089 706 3149 fortuna
734 3107 841 3148 suo
885 3088 1066 3167 egerit
1108 3087 1382 3148 arbitrio:
1428 3086 1486 3145 in
1538 3085 1778 3164 reliquis
1802 3094 2008 3145 vestrae
2049 3082 2374 3146 fortitudini
2413 3091 2481 3148 ut

279 3203 449 3263 spero
479 3195 807 3264 vestraeque
835 3184 1163 3265 prudentioe
1191 3203 1412 3246 morem
1438 3181 1490 3222 ⁶³
1503 3188 1707 3263 gera&
1776 3183 1887 3244 His
1934 3180 2107 3244 dictis
2137 3181 2476 3242 consolatus

277 3283 487 3344 milites
536 3301 606 3342 ac
649 3281 877 3361 pudore
911 3292 972 3342 et
1018 3279 1142 3342 ⁶⁴in
1190 3302 1382 3344 errore
1436 3302 1760 3343 concussos
1805 3280 2068 3340 oratione
2122 3280 2477 3350 firmaverat,

279 3380 403 3458 lpse
445 3399 588 3440 vero
638 3380 807 3440 bellis
852 3378 1112 3459 undique
1159 3380 1496 3454 orientibus,
1552 3378 1916 3459 propositum
1971 3377 2228 3438 abeundi
2276 3397 2348 3436 ex
2395 3374 2481 3444 bis

281 3474 499 3537 dudum
552 3477 700 3538 locis
747 3488 1035 3556 coeperat:
1081 3477 1184 3538 sed
1234 3498 1307 3538 ne
1353 3475 1614 3538 ⁶⁵aditus
1658 3477 1853 3556 fugam
1896 3483 2145 3553 saperet,
2190 3474 2481 3534 instructa

279 3574 401 3634 acie
426 3596 462 3636 e
489 3574 698 3638 castris
743 3575 798 3634 in
826 3583 1093 3653 apertum
1121 3575 1282 3645 exiit,
1312 3583 1380 3634 ut
1406 3572 1605 3651 siquid
1637 3575 1832 3633 hostes
1860 3569 2161 3640 auderent,
2204 3590 2267 3630 se
2308 3588 2480 3649 para-

281 3679 401 3732 tum
443 3672 790 3733 invenirent.
874 3672 1313 3751 Vercingetorix
1369 3671 1466 3732 cui
1520 3670 1765 3732 multum
1821 3668 1998 3730 animi
2051 3677 2111 3728 et
2167 3667 2299 3746 plus
2354 3673 2483 3728 erat

282 3768 499 3840 virium,
552 3767 988 3848 contemplatus
1033 3768 1386 3839 abeuntem:
1431 3755 1777 3847 ipse'etiam
1826 3767 1885 3826 in
1931 3768 2106 3845 plana
2154 3763 2481 3836 descendit,

280 3886 749 3945 concursumque
778 3875 869 3927 est
893 3866 1147 3947 equestri
1191 3875 1416 3927 tantum
1445 3866 1559 3928 levi
1587 3865 1814 3945 proelio,
1845 3885 1967 3945 quo
1994 3863 2260 3944 superior
2283 3865 2483 3949 (ἱερεῖ

338 4067 403 4113 56
434 4064 616 4126 Forte,
634 4066 984 4112 vestrm—67
1021 4063 1196 4124 Forte,
1224 4063 1326 4124 sed,
1346 4061 1860 4126 cnjuplasm'sereor,
1882 4063 2042 4109 vadet.
2044 4061 2174 4107 -58
2208 4056 2368 4120 Lege,
2390 4055 2479 4105 At-

279 4143 436 4191 aemu‘«
440 4146 591 4193 .--69
646 4143 823 4206 Forte,
868 4147 1137 4192 armat.
1141 4146 1271 4191 —60
1305 4143 1481 4206 Forte,
1517 4144 1576 4192 de
1591 4141 1774 4205 futuri,
1809 4147 1901 4191 aut
1936 4140 2210 4189 ianua—61
2256 4136 2486 4186 Videtur

282 4222 441 4272 dem
479 4221 884 4287 expungendum
923 4237 1055 4275 esse.
1056 4226 1187 4273 —02
1222 4222 1398 4289 Forte,
1436 4221 1629 4274 tuln-nt.
1632 4225 1759 4271 —08
1798 4222 1957 4287 Lege,
1984 4218 2268 4283 germ—6⁴
2301 4217 2479 4280 Forte,

285 4316 483 4355 mure.
485 4309 613 4355 —65
649 4305 810 4369 Lege,
828 4302 1002 4354 abitus.
