3017 4925
743 368 774 397 ³
853 418 954 467 nu
1001 416 1178 467 vrrs
1223 415 1429 466 ,ιυωι
1486 414 1841 466 cAESAms.
2280 397 2451 465 1821

241 570 534 630 inveniant
565 569 843 641 minores,
872 580 934 630 et
958 570 1160 631 relicta
1208 569 1521 649 suspirent,
1567 578 1624 628 et
1670 568 1904 628 inventa
1946 562 2277 628 fastidiant:
2321 569 2448 628 baec

244 673 358 725 tam
389 669 576 727 ntuita
602 666 680 727 de
710 666 991 737 Labieno,
1023 668 1165 746 quia
1210 688 1301 727 res
1347 665 1511 745 apud
1551 666 1864 726 historicos
1891 665 2119 725 videtur
2144 666 2450 739 occultior,

241 774 299 822 et
322 764 640 824 curiositas
666 763 981 843 legentium
1010 766 1155 825 nibil
1192 764 1366 826 etiam
1414 765 1712 824 minimum
1748 764 1987 842 respuit,
2017 763 2179 843 quod
2210 765 2452 842 cognitu

239 859 311 919 sit
338 861 611 939 dignum.
696 864 774 921 Et
803 864 928 922 haee
956 863 1108 922 ciam
1154 882 1262 942 per
1307 862 1564 932 nuntios,
1592 862 1687 925 iun
1721 862 1915 940 palam
1955 860 2014 920 in
2044 862 2260 920 Senam
2288 860 2452 921 dicta

242 970 440 1016 contra
487 960 790 1018 Caesarem
830 979 903 1018 ac
948 959 1216 1020 decreta:
1262 980 1428 1020 novoe
1470 960 1650 1020 etiam
1694 959 1806 1019 viae
1832 959 2204 1037 excogitatae,
2234 958 2450 1037 quibus

239 1052 370 1130 ejus
421 1066 716 1135 potestas,
768 1078 904 1137 quae
953 1058 1145 1117 multis
1198 1057 1580 1117 formidabilis
1634 1076 1762 1117 esse
1817 1065 2097 1135 coeperat,
2152 1056 2452 1116 tolleretur

239 1161 339 1210 ant
383 1164 550 1222 certe
597 1154 974 1214 minueretur.
1058 1154 1359 1235 Siquidem
1416 1155 1647 1214 cunetis
1692 1154 1819 1230 jam
1876 1153 2330 1232 magnificentia,
2389 1162 2452 1212 et

237 1247 588 1309 liberalitate
635 1253 904 1311 Caesarea
951 1252 1317 1331 stupefactis,
1346 1262 1408 1312 et
1436 1252 1578 1330 quid
1626 1252 1716 1310 his
1763 1251 1938 1310 rebus
1982 1250 2177 1319 tantis,
2224 1258 2286 1310 et
2325 1259 2445 1309 tam

235 1345 350 1406 lace
395 1347 603 1408 effusis
648 1348 762 1407 sibi
807 1350 978 1409 veliet
1027 1370 1228 1409 secum
1275 1351 1466 1410 tacitis
1514 1348 1951 1419 meditantibus,
1998 1366 2107 1406 nec
2147 1344 2310 1423 loqui
2350 1346 2452 1404 aii·

237 1443 378 1523 quid
436 1445 868 1505 ⁹audientibus.
953 1447 1191 1507 Marcus
1248 1445 1532 1506 Claudius
1586 1444 1901 1505 Marcellus
1949 1442 2172 1514 consul,
2227 1441 2324 1501 cui
2370 1461 2448 1501 an

235 1559 435 1600 amore
467 1541 736 1621 publico,
766 1562 838 1603 an
857 1541 1098 1621 privato
1125 1542 1268 1602 odio
1296 1542 1548 1621 dignitas
1576 1540 1820 1602 Caesaris
1858 1559 1931 1600 ac
1974 1548 2236 1619 potestas
2263 1539 2451 1598 invisa

234 1649 388 1709 eran
435 1638 739 1717 frequenti
785 1648 985 1699 senatu
1034 1649 1284 1699 testatus
1328 1639 1403 1698 de
1450 1624 1638 1699 salute
1673 1636 2019 1716 reipublicae
2046 1656 2109 1696 se
2153 1645 2445 1707 acturum,

235 1732 531 1805 definivit,
585 1745 651 1793 ut
707 1756 842 1795 cum
902 1736 1116 1795 bellum
1175 1736 1231 1794 in
1289 1734 1490 1796 Gallia
1544 1733 1772 1795 finitum
1827 1741 2004 1806 esset,
2058 1732 2451 1794 dimitteretur

238 1830 432 1890 victor
487 1831 829 1892 exercitus:
898 1842 956 1891 et
1012 1850 1370 1912 quamquam
1442 1842 1582 1891 ante
1649 1842 1900 1909 tempus,
1955 1849 2259 1890 successor
2315 1831 2447 1891 Ca!-

238 1930 352 1987 sari
407 1929 780 1999 mitteretur„
816 1928 919 2007 qui
972 1929 1029 1987 in
1085 1946 1235 2006 pace
1290 1926 1643 2005 provinciam
1700 1930 2072 2007 gubernaret,
2127 1926 2254 2005 ipse
2307 1946 2446 1988 vero

236 2024 358 2085 sine
427 2024 677 2102 imperio
731 2024 982 2084 rediret:
1053 2022 1282 2083 addidit
1349 2043 1422 2082 ne
1484 2025 1746 2084 absentis
1802 2024 1951 2083 ratio
2005 2022 2265 2083 comitiis
2302 2042 2445 2082 con·

234 2122 535 2183 salaribus
579 2118 1104 2202 haberetur,[t76]
1127 2121 1289 2200 quod
1339 2121 1481 2182 licet
1532 2122 1831 2181 communi
1870 2122 2001 2202 lege
2044 2121 2120 2181 de
2173 2121 2447 2180 omnibus

238 2219 537 2280 ¹Mantum
579 2230 755 2291 esset,
777 2219 888 2298 legi
928 2231 1122 2279 tamen
1151 2218 1350 2277 Caesar
1382 2227 1664 2297 exceptus
1706 2228 1868 2280 erat:
1913 2217 1994 2278 ita
2034 2236 2175 2296 ergo
2215 2216 2447 2277 sublata

233 2327 360 2377 erat
383 2317 702 2395 exceptio:
733 2327 793 2376 et
821 2336 934 2375 non
963 2325 1272 2375 contentus
1301 2317 1511 2375 consul
1538 2314 1750 2393 injuria
1774 2312 2024 2385 ‚Caesa'ris
2044 2314 2103 2373 in
2132 2333 2443 2392 personam

232 2414 444 2487 illatrix,
465 2413 559 2474 his
588 2432 827 2494 quoqne
857 2415 1112 2475 ¹'Caesar
1136 2413 1374 2474 civitate
1416 2412 1754 2483 donaverat,
1800 2411 2172 2472 adimendam
2209 2408 2447 2490 judica-

233 2513 338 2583 vit,
366 2513 744 2573 ambitiosam
771 2512 1205 2572 concessionem
1245 2521 1305 2571 et
1347 2511 1720 2570 immodicam
1750 2526 2102 2569 asseverans.
2188 2508 2295 2568 His
2326 2519 2448 2568 tnr-

237 2612 412 2671 batus
440 2611 666 2682 Caesar,
692 2629 802 2670 nec
825 2610 1131 2679 immerito,
1154 2608 1545 2688 cogitansque
1565 2605 1726 2684 quod
1757 2624 1912 2682 saepe
1932 2606 1985 2636 ¹²
1997 2603 2213 2663 debere
2239 2604 2442 2663 solitus

235 2708 368 2779 fuit,
397 2708 711 2786 operosius
739 2706 1041 2785 multoque
1067 2705 1361 2766 difficilius
1390 2703 1720 2783 principem
1760 2702 1941 2760 virum
1972 2720 2003 2759 a
2048 2705 2277 2759 summo
2321 2698 2447 2779 dig-

235 2805 434 2864 nitatis
461 2802 654 2882 gradu
680 2801 756 2862 ad
784 2803 973 2862 media
1001 2802 1196 2880 dejici,
1225 2822 1401 2878 quam
1428 2819 1466 2859 a
1499 2799 1716 2860 'mediis
1743 2797 1823 2858 ad
1851 2793 2144 2858 extrema:
2186 2815 2302 2856 non
2351 2817 2447 2857 ce·

237 2899 528 2972 dendum,
559 2910 627 2959 ut
653 2898 964 2959 Africanus
994 2899 1190 2976 major,
1212 2899 1451 2971 fecerat,
1477 2899 1577 2959 sed
1609 2898 1843 2958 obstare
1872 2895 2075 2956 statuit
2101 2894 2357 2967 invidiae,
2386 2905 2447 2956 et

241 2997 481 3059 turbare
507 2996 671 3076 prius
697 2997 914 3068 omnia,
945 3013 1121 3075 quam
1149 2996 1419 3074 exemplo
1448 2992 2446 3073 illins,quamvislaudatissimo,in·-

237 3095 428 3155 victus
456 3095 536 3154 ab
579 3095 846 3154 hostibus
875 3094 1031 3154 vinci
1056 3113 1092 3153 a
1121 3094 1369 3164 civibus,
1401 3104 1464 3154 et
1498 3093 1556 3152 in
1584 3091 1757 3153 exilio
1784 3091 1931 3151 mori
1961 3088 2015 3127 '¹³
2029 3090 2223 3150 veliet.
2287 3089 2447 3149 Non·

236 3193 376 3254 dum
405 3202 612 3252 tamen
638 3192 715 3251 ad
770 3211 930 3251 arma
969 3192 1270 3271 prorupit:
1315 3190 1651 3252 sed-donec
1686 3191 1826 3269 jure
1871 3186 2085 3267 agendi
2125 3205 2257 3265 spes
2292 3205 2446 3246 sem-

235 3310 339 3370 per
366 3290 506 3361 fuit,
565 3287 993 3366 quiescendum
1040 3298 1320 3361 statuens,
1371 3289 1662 3368 patienter
1695 3279 1952 3366 quidem,
1982 3285 2180 3346 dicam
2217 3285 2442 3353 melius,

238 3387 683 3449 dissimulanter
699 3394 917 3445 cuncta
945 3384 1237 3458 sustinuit,
1257 3396 1318 3445 et
1340 3405 1523 3465 quum
1552 3384 1782 3444 nonnisi
1804 3383 1995 3443 verbis
2021 3380 2441 3450 offenderetur3

237 3485 435 3546 adhinc
466 3483 778 3543 verborum
807 3501 1046 3561 quoque
1065 3482 1462 3542 defensionem
1482 3501 1724 3561 parans;
1767 3490 1829 3539 et
1868 3477 2171 3538 consulem
2192 3477 2442 3537 aiterum

239 3593 300 3643 et
321 3582 808 3643 animosissimum
831 3590 1010 3658 atque
1036 3577 1577 3659 eloquentissimum
1606 3599 1639 3638 e
1668 3577 1915 3655 collegio
1938 3571 2302 3634 tribunorum
2335 3575 2445 3635 Ca-

229 3679 360 3757 jutn
411 3680 790 3749 Ciceronem,
834 3677 1021 3737 multa
1072 3677 1184 3738 sibi
1236 3696 1308 3737 ac
1363 3676 1605 3756 profusa
1661 3674 1963 3754 largitione
2009 3670 2314 3749 quaesivit:
2369 3691 2444 3731 ne

242 3777 482 3858 quando
509 3776 696 3836 vei-in
725 3787 956 3846 senatu,
986 3775 1073 3834 vel
1113 3775 1191 3834 ad
1227 3775 1511 3854 populum
1541 3773 1814 3832 deessent
1837 3788 1961 3829 suae
2002 3787 2200 3828 causae
2241 3766 2446 3828 defen-

243 3894 420 3936 sores.
473 3874 628 3934 Cum
655 3891 791 3932 vero
811 3871 939 3950 jam
967 3871 1132 3930 multi
1157 3871 1406 3941 Caesaris
1438 3870 1609 3930 “nec
1631 3869 1729 3929 aiii
1760 3866 2037 3947 Pompeji
2058 3863 2445 3926 formidarent

235 3973 593 4052 potentiam,
623 3989 782 4049 saepe
804 3968 985 4028 Curio
1007 3967 1130 4048 ipse
1161 3967 1399 4029 Senatui
1424 3967 1736 4038 obtulerat,
1776 3975 1839 4024 ut
1869 3971 2116 4042 uterque
2150 3960 2322 4020 simul
2361 3960 2441 4019 ab

293 4225 330 4269 9
359 4220 526 4284 Lege,
561 4213 982 4266 maestam—10
1017 4213 1549 4286 Fortemutum-u
1586 4211 1756 4276 Adde,
1774 4209 2034 4274 qum—12
2068 4201 2230 4265 Lege,
2265 4199 2446 4251 vida-e·

231 4306 359 4352 -13
395 4301 569 4363 Lege,
587 4297 851 4348 tella—14
883 4295 1059 4361 Forte,
1077 4310 1160 4346 nec
1175 4310 1284 4347 noa.
