3017 4925
520 369 705 448 1742
1164 395 1230 445 ι.
1273 393 1492 442 cassi
1537 391 2076 443 corruatis-Anu

516 560 747 630 septem
776 548 932 610 milia
958 565 1235 627 passuum
1261 547 1469 628 procul
1496 545 1634 607 inde
1653 547 1836 626 plano
1865 547 1924 607 in
1952 546 2147 608 littore
2197 556 2322 609 tota
2363 567 2500 610 cum
2545 547 2734 608 classe

519 647 809 709 constitit.
919 649 1001 707 At
1047 645 1329 716 Britanni,
1378 644 1683 705 intellecto
1736 643 2004 717 consilio,
2060 644 2376 724 praemissis
2430 645 2737 724 equitibus

518 756 700 825 atque
752 744 995 816 essedis,
1040 744 1258 823 quibus
1307 743 1368 802 in
1419 743 1579 804 bello
1623 742 1714 803 uti
1761 752 2208 816 consueverant,
2243 744 2375 823 pari
2418 743 2739 804 velocitate

520 844 719 903 locum
740 852 1077 922 occupant:
1121 850 1566 920 consequuntur
1593 841 1921 919 equitatum
1953 842 2162 914 turbae,
2192 841 2275 902 ita
2301 861 2506 901 omnes
2529 841 2737 922 copiae

519 943 833 1022 egressuris
872 962 933 1002 se
977 942 1259 1001 Romanis
1299 941 1616 1019 objiciunt.
1697 942 1838 1001 Erat
1878 941 2054 1020 plane
2088 940 2406 1001 descensus
2433 940 2491 998 in
2518 947 2739 999 terram

518 1039 902 1100 difficillimus
944 1050 1190 1119 propter
1215 1059 1387 1120 aquae
1419 1038 1805 1111 altitudinem,
1830 1039 1953 1099 sine
1979 1057 2102 1118 qua
2128 1057 2354 1117 maguae
2389 1055 2568 1098 naves
2609 1056 2740 1098 esse

519 1138 760 1217 regique
800 1156 915 1196 non
944 1146 1236 1215 poterant.
1323 1138 1399 1196 Et
1442 1136 1486 1194 si
1535 1135 1639 1215 qui
1678 1155 1713 1195 e
1767 1136 2016 1196 navibus
2060 1135 2397 1207 exivissent,
2427 1136 2542 1195 ¹⁸et
2577 1133 2742 1195 sicco

520 1234 598 1295 de
625 1235 815 1308 litore,
841 1244 947 1294 aut
971 1254 1044 1293 ex
1076 1234 1238 1294 vadis
1262 1232 1670 1293 humilioribus
1697 1232 2149 1312 excipiebantur
2167 1232 2419 1292 bostium
2449 1249 2735 1293 occursu:

514 1344 584 1393 et
626 1332 727 1392 ubi
770 1342 923 1392 stare
961 1331 1200 1392 difficile
1225 1341 1371 1403 erat,
1421 1332 1795 1410 cogebantur
1836 1331 2041 1411 iniquo
2083 1333 2278 1391 Marte
2307 1338 2548 1403 certare,
2575 1330 2742 1392 unde

522 1450 640 1491 non
670 1430 958 1492 immerito
1006 1431 1259 1490 Romani
1284 1429 1468 1491 territi
1498 1448 1573 1489 ac
1599 1427 1822 1489 turbati
1849 1438 1910 1489 et
1949 1429 2214 1488 locorum
2263 1428 2426 1488 inscii
2473 1437 2534 1488 et
2579 1429 2742 1506 ejus·

521 1528 681 1589 modi
709 1528 896 1608 proelii
937 1529 1222 1607 inexperti
1248 1527 1425 1587 solito
1467 1527 1703 1604 segnius
1749 1526 2115 1606 pugnabant.
2199 1526 2379 1595 Quod
2422 1536 2491 1586 ut
2533 1528 2744 1587 Caesar

516 1624 945 1705 vidit310ngas
972 1645 1151 1686 naves
1177 1626 1255 1686 ab
1284 1626 1456 1685 ”alta
1508 1625 1696 1686 classe
1723 1626 1942 1684 secerni
1968 1635 2030 1684 et
2073 1624 2244 1684 remis
2272 1624 2348 1685 ad
2380 1624 2517 1684 litus
2543 1625 2745 1704 appli-

526 1742 661 1783 care
692 1722 960 1833 imperat,
1005 1731 1189 1803 atque
1243 1722 1380 1783 inde
1420 1723 1682 1783 omniurn
1729 1741 1943 1802 genere
1969 1723 2268 1784 missilium
2302 1723 2528 1783 bostem
2559 1721 2742 1801 peui3

524 1839 702 1899 quem
729 1821 858 1899 ipse
884 1822 1124 1881 navium
1154 1830 1430 1900 aspectus
1459 1830 1521 1882 et
1548 1820 1949 1900 magnitudine
1969 1829 2028 1880 et
2046 1840 2340 1882 remorum
2371 1820 2619 1899 strepitu
2648 1820 2744 1879 in-

521 1927 751 1977 suetum
780 1917 996 1978 talibus
1036 1918 1333 1979 exterruit.
1417 1917 1539 1978 Ubi
1575 1927 1774 1978 autem
1821 1918 2162 1997 sagittarum
2200 1918 2458 1978 ”imbris
2482 1936 2555 1977 ac
2583 1917 2743 1977 toni·

520 2023 655 2075 trua
708 2023 1130 2075 tormentorum
1171 2016 1230 2075 in
1272 2015 1537 2076 hostilem
1577 2016 1764 2077 aciem
1813 2016 2111 2077 incidere:
2161 2035 2479 2096 parumper
2521 2013 2744 2076 referre

521 2113 736 2194 pedem
787 2116 987 2176 hostes
1036 2116 1415 2194 inceperunt:
1473 2133 1585 2177 nec
1642 2116 1786 2176 dum
1835 2127 2028 2177 tamen
2085 2116 2334 2176 Romani
2389 2135 2516 2176 sese
2565 2113 2742 2176 undis

522 2210 766 2272 credere
791 2212 939 2285 ausi,
961 2212 1100 2291 ipsis
1128 2232 1163 2272 e
1190 2212 1491 2292 puppibus
1519 2213 1959 2292 proeliabantur,
1987 2211 2182 2272 donec
2208 2211 2475 2291 aquilifer
2494 2212 2744 2272 decimu

524 2308 786 2388 legionis,
835 2329 1012 2389 quam
1067 2311 1307 2370 amabat
1345 2313 1568 2382 Caesar,
1613 2312 1732 2373 alta
1771 2313 1917 2373 deos
1958 2330 2126 2370 orans
2171 2329 2334 2382 voce,
2375 2321 2443 2369 ut
2497 2308 2748 2370 feliciter

518 2406 742 2485 iegioni
784 2406 1132 2469 succederet
1174 2408 1336 2488 quod
1387 2411 1650 2488 parabat,
1680 2429 1881 2470 versus
1909 2408 1986 2470 ad
2016 2408 2257 2469 comites
2283 2428 2300 2468 ι
2324 2415 2342 2443 ⁴
2374 2406 2626 2468 desilite'
2651 2406 2744 2466 in·

524 2505 655 2584 quit
684 2512 703 2539 ¹¹
728 2506 785 2564 iu
809 2504 1046 2579 fluctus»,
1074 2517 1136 2567 et
1163 2508 1471 2587 sequimini
1502 2528 1595 2569 me
1626 2509 2058 2569 commilitones
2085 2507 2224 2578 mei,
2256 2506 2600 2586 quicunque
2620 2522 2744 2567 non

523 2602 698 2663 vultis
742 2604 896 2663 lianc
940 2604 1203 2684 aquilam
1254 2605 1522 2666 hostibus
1571 2606 1934 2666 illudendam
1991 2604 2243 2664 tradere.
2330 2604 2391 2665 Si
2437 2606 2549 2666 viri
2600 2607 2743 2667 estis

517 2719 804 2780 prospera
831 2712 1047 2761 cuncta
1073 2704 1435 2781 provenient,
1465 2706 1514 2764 si
1553 2705 1764 2776 minus,
1814 2724 1926 2783 ego
1958 2703 2162 2763 saltem
2220 2702 2489 2764 debitum
2541 2720 2741 2765 meum

523 2797 863 2877 reipublicae
891 2802 982 2858 ’ἀ
1021 2800 1290 2860 Romano
1332 2802 1581 2881 imperio
1624 2804 1781 2862 bona
1805 2800 2205 2880 persolvero&
2235 2801 2364 2860 haec
2403 2801 2743 2864 exclamans

523 2895 746 2954 medios
774 2896 832 2955 in
864 2895 1080 2958 flnctus
1101 2897 1244 2958 mira
1268 2900 1572 2961 alacritate
1598 2898 2069 2977 ²²dissiluit.[75]
2111 2896 2381 2975 ”Attigit
2403 2909 2470 2957 nt
2485 2899 2743 2978 primum

524 2998 742 3050 terram
766 2992 1019 3071 pedibus
1047 2994 1263 3075 attigit,
1293 3017 1489 3076 gressu
1517 2996 1729 3076 rapido
1758 2996 1907 3056 serre
1935 2995 2199 3074 aquilam
2230 2994 2286 3053 in
2312 2994 2504 3056 hostes
2523 2997 2742 3077 coepitz

524 3086 757 3147 virtutis
802 3090 1076 3168 exemplo
1119 3101 1179 3151 et
1223 3091 1447 3152 nobiles
1484 3093 1708 3153 incitati
1737 3112 1960 3165 omnes,
1989 3112 2106 3153 non
2151 3092 2337 3151 solum
2371 3094 2473 3172 qui
2515 3096 2573 3154 in
2622 3096 2746 3169 illa,

525 3185 628 3244 sed
659 3186 762 3264 qui
808 3187 866 3246 iu
908 3189 1138 3249 cunctis
1178 3199 1345 3248 erant
1384 3188 1639 3249 navibus
1681 3189 1742 3248 iu
1797 3189 1987 3249 undas
2036 3198 2216 3268 atque
2256 3189 2394 3251 inde
2432 3192 2490 3251 in
2543 3194 2744 3255 hostes

525 3292 731 3342 ruunt:
763 3303 965 3363 pugna
992 3294 1161 3344 atrox
1188 3285 1468 3357 exoritur,
1511 3285 1797 3365 duraque,
1827 3305 2072 3366 anceps,
2098 3298 2160 3349 et
2189 3290 2470 3351 Romanis
2497 3291 2746 3352 adversa

523 3389 770 3459 propter
814 3382 1078 3442 locorum
1129 3381 1516 3459 iniquitatem.
1599 3382 1921 3463 Postquam
1949 3404 2090 3446 vero
2134 3396 2343 3447 terram
2373 3408 2575 3449 omnes
2603 3388 2746 3450 “at-

525 3476 849 3556 tingereut:
894 3477 1128 3537 collecti
1163 3476 1223 3535 in
1266 3496 1448 3536 unum
1488 3489 1552 3538 et
1595 3479 1821 3540 reducti
1867 3480 1944 3541 ad
1992 3483 2227 3544 solitum
2275 3504 2492 3563 pugnae
2539 3506 2743 3563 genus,

526 3572 642 3633 alio
686 3574 913 3654 impetu
967 3573 1183 3633 invecti
1227 3573 1504 3634 fuderunt
1555 3575 1960 3649 adversas-ion
2007 3579 2212 3641 fuisset
2239 3581 2451 3642 clarior
2497 3583 2746 3644 victoria

522 3670 571 3729 si
612 3670 686 3729 ad
718 3670 1141 3750 insequendum
1179 3670 1459 3751 profugos
1485 3672 1786 3750 equitatus
1813 3674 1873 3734 in
1920 3683 2186 3753 tempore
2227 3677 2519 3748 affuissem
2569 3688 2742 3741 tanta

527 3766 638 3827 fuit
685 3777 904 3841 tamen,
956 3778 1021 3828 ut
1074 3768 1330 3827 Britanni
1384 3769 1633 3829 hostium
1686 3790 1914 3849 suoque
1969 3793 2112 3833 casu
2151 3775 2356 3846 territi,
2407 3777 2637 3855 legatos
2663 3777 2740 3838 ad

526 3865 815 3925 Caesarem
845 3867 1143 3925 mitterent
1168 3874 1231 3923 et
1251 3864 1611 3927 deditionem
1642 3877 1704 3927 et
1732 3869 1973 3929 obsides
1997 3885 2056 3930 et
2086 3871 2380 3952 quidquid
2419 3873 2744 3937 victoribus

524 3960 667 4021 victi
720 3962 943 4023 debent
984 3962 1316 4035 offerentes,
1371 3983 1511 4023 cum
1568 3963 1634 4023 iis
1663 3975 1724 4024 et
1766 3966 2007 4028 Comius
2030 3968 2227 4040 rediit,
2269 3989 2446 4048 quem
2496 3970 2573 4034 ad
2619 3993 2743 4048 eos,

574 4194 639 4240 18
670 4190 1041 4256 Lege,ii.-19
1070 4192 1229 4259 Lege,
1248 4194 1498 4247 alim—20
1529 4198 2012 4265 Iage,t'mbres.—2l
2040 4200 2218 4263 rorte,
2236 4217 2294 4250 ac
2313 4202 2530 4253 Romam
2546 4202 2746 4271 imperia

528 4276 842 4324 mue-22
874 4273 1036 4340 Lege,
1054 4276 1394 4329 desihdt.—2³
1430 4280 1593 4347 Lege,
1614 4282 1859 4348 Atque.—
1888 4286 1954 4334 24
1984 4283 2144 4348 Lege,
2162 4281 2445 4346 attigerunt.
