3017 4925
450 345 629 415 1734
1108 364 1175 414 ι.
1215 359 1424 416 omi
1470 364 2012 417 nonmsmi

457 516 611 578 ”ine
650 473 951 596 equitatus
996 515 1144 578 locis
1200 518 1648 614 conpestribus
1656 527 1966 582 assecutus
2008 521 2346 584 obtruncat.
2449 522 2540 581 lta
2585 537 2666 581 ex

454 615 876 696 quinquaginta
916 614 1157 675 milibus
1199 615 1288 677 ⁵⁴e
1344 616 1620 687 Quitnnia
1675 618 2129 697 Cantaberaqne
2185 618 2476 689 collectis,
2529 615 2666 695 [64]

454 713 555 773 vix
585 722 792 792 quarta
833 732 968 793 pars
1014 713 1220 793 proelio
1250 717 1655 793 ⁵⁵superesset.
1724 714 1863 783 Quo
1899 727 2056 778 metu
2077 717 2297 777 diffuso
2319 735 2452 796 pars
2477 717 2674 776 maxi·

453 830 551 872 ma
577 811 926 890 populorum
980 812 1487 872 circumstantium
1528 813 1609 873 ad
1651 812 2012 874 deditionem
2042 815 2225 876 venit.
2271 813 2672 893 fecissentque

454 907 615 970 idem
641 927 866 981 omnes,
896 908 1009 968 nisi
1034 907 1305 969 instantis
1334 910 1562 971 brumae
1591 928 1726 988 spes
1753 912 2054 990 negotium
2084 912 2432 973 distulisset.

542 1007 689 1067 Haec
716 1009 917 1067 Caesar
942 1027 1050 1087 per
1087 1007 1313 1087 legatos
1339 1028 1473 1069 snos
1514 1009 1747 1086 agebat.
1821 1011 1958 1088 lpse
2000 1021 2196 1070 autem
2233 1029 2271 1069 a
2316 1009 2558 1069 Venetis
2603 1010 2670 1068 iu

457 1106 770 1186 Menapios
824 1115 1226 1187 praecesserat,
1282 1115 1698 1185 extremosque
1756 1106 2062 1168 hominum
2117 1108 2403 1180 Morinos,
2459 1117 2526 1167 ut
2581 1107 2672 1168 ait

460 1203 671 1265 Maro:
718 1206 878 1283 quod
926 1205 1019 1265 hae
1058 1206 1194 1265 duae
1220 1214 1423 1284 gentes
1450 1201 1577 1263 ⁵⁶ad
1623 1224 1686 1264 se
1735 1205 2009 1265 miserant
2051 1216 2125 1265 et.
2151 1206 2211 1265 in
2270 1205 2442 1265 amnis
2481 1214 2674 1265 erant.

458 1301 539 1360 Et
569 1302 836 1378 quamvis
867 1302 1282 1373 ⁵⁷adventaret,
1305 1320 1549 1380 sperans
1571 1310 1766 1362 tamen
1797 1302 2016 1362 modici
2042 1303 2319 1381 temporis
2343 1320 2494 1381 opus
2521 1321 2674 1374 esse,

460 1417 585 1458 rem
612 1400 965 1479 aggreditur.
1051 1401 1192 1460 Erat
1216 1409 1411 1459 autem
1442 1399 1618 1478 longe
1644 1400 1758 1458 alia
1785 1420 1962 1479 quam
1986 1400 2322 1461 crederetur
2341 1400 2492 1460 ratio
2512 1400 2676 1460 belli.

454 1496 780 1559 Audientes
807 1498 987 1558 etiam
1019 1498 1300 1558 maximas
1328 1507 1511 1576 atque
1538 1497 1920 1558 creberrimas
1950 1499 2223 1559 victorias
2253 1500 2675 1568 Romanorum,

458 1615 578 1655 non
605 1597 780 1656 armis
810 1596 911 1657 sed
938 1596 1177 1656 latebris
1202 1595 1588 1656 decreverant
1615 1616 1677 1655 se
1719 1596 1891 1655 tueri.
1972 1598 2185 1676 Itaque
2224 1617 2328 1658 sua
2369 1596 2566 1657 omnia
2613 1597 2675 1657 in

458 1692 782 1774 paludibus
808 1713 879 1753 ac
902 1693 1060 1753 silvis
1082 1693 1451 1765 abdiderant,
1470 1692 1651 1770 juxta
1676 1714 1824 1772 quas
1850 1694 1990 1754 dum
2021 1704 2210 1755 castra
2236 1693 2526 1755 exercitus
2555 1694 2678 1753 Ro·

460 1811 668 1851 nanus
716 1791 1028 1865 attolleret,
1052 1790 1136 1851 illi
1187 1790 1383 1851 subito
1433 1791 1602 1870 quasi
1656 1792 1733 1852 ab
1778 1792 1973 1852 inferis
2022 1802 2401 1872 emergentes,
2452 1791 2674 1852 effusos

463 1898 647 1968 atque
673 1889 735 1948 in
777 1888 1056 1968 operibus
1099 1889 1419 1969 impeditos
1466 1888 1711 1950 diversis
1749 1890 1857 1951 viis
1898 1890 2271 1970 dissonisque
2314 1889 2678 1950 clamoribus

462 1987 771 2048 invadunt.
857 1987 1108 2047 Romani
1152 1987 1396 2067 impigre
1444 2008 1624 2068 opere
1671 1988 1995 2049 intermisso
2020 1999 2083 2048 et
2110 1988 2357 2067 arreptis
2385 1988 2500 2047 ⁵⁸in
2539 1986 2675 2047 illos

463 2085 752 2164 impetum
799 2083 1024 2156 fecere3
1068 2104 1290 2163 eosque
1339 2084 1397 2143 in
1448 2085 1619 2146 silvas
1668 2085 2004 2162 ⁵⁹redigere,
2028 2084 2234 2164 paucis
2271 2085 2426 2145 inter
2475 2103 2683 2163 vepres

462 2181 727 2261 perditis,
757 2182 956 2242 multis
1000 2182 1254 2242 hostium
1298 2181 1639 2243 interfectis.
1717 2183 1795 2241 Et
1824 2191 1966 2243 tunc
2013 2184 2216 2242 Coesar
2269 2181 2518 2241 silvestri
2555 2200 2679 2241 ma-

464 2280 627 2340 teriae
652 2279 952 2341 caedendae
979 2288 1040 2339 et
1067 2279 1125 2340 in
1156 2298 1376 2339 morem
1409 2279 1547 2339 valli
1576 2279 1651 2338 ad
1684 2279 1928 2339 tutelam
1957 2298 2196 2339 suornm
2223 2278 2676 2338 circumducen-

461 2377 561 2438 dae
578 2397 812 2458 operam
842 2377 1045 2450 dabat,
1088 2396 1161 2438 ne
1205 2376 1582 2437 clandestinis
1630 2377 2044 2456 eruptionibus
2091 2386 2522 2454 premerentur:
2565 2374 2675 2435 sed

454 2477 583 2555 jani
626 2476 812 2537 hiems
841 2475 1073 2548 aderat3
1116 2497 1189 2537 ac
1218 2475 1554 2557 ingentibus
1603 2496 1675 2536 ac
1718 2474 2017 2555 perpetuis
2064 2473 2354 2535 imbribus
2388 2473 2679 2553 impedita

461 2595 554 2637 res
595 2584 723 2636 est:
766 2575 1051 2654 vetitique
1105 2574 1314 2637 milites
1361 2576 1475 2636 sub
1518 2574 1775 2654 pellibus
1816 2593 2009 2653 agere.
2093 2573 2301 2632 Victor
2324 2592 2465 2651 ergo
2487 2571 2680 2632 bomi-

463 2694 606 2735 num
629 2696 647 2744 ;
692 2673 794 2734 sed
818 2682 1044 2734 naturae
1071 2670 1344 2734 &cedent
1371 2673 1623 2734 incensis
1651 2693 1723 2733 ac
1745 2672 1985 2732 vastatis
2007 2669 2224 2730 finibus
2251 2669 2508 2730 bostium
2535 2689 2676 2730 cnm

464 2771 727 2832 exercitu
753 2769 871 2830 ⁶¹in
900 2771 1208 2831 Anlercios
1237 2770 1648 2849 Lexouiosque
1668 2768 1726 2828 in
1755 2767 2001 2827 hiberna
2026 2767 2344 2826 concessit.

547 2868 661 2929 His
708 2866 1073 2945 temporibus
1100 2869 1532 2927 Germanorum
1558 2867 1752 2926 turbae
1779 2864 2038 2943 ingentes
2067 2863 2341 2925 Rhenum
2370 2874 2526 2925 metu
2556 2866 2680 2944 pel·

461 2967 618 3026 lente
657 2961 1090 3040 ⁶²trajecerent,
1137 2962 1304 3021 fessae
1350 2962 1518 3021 bellis
1565 2961 1810 3021 assiduis
1837 2969 2019 3039 atque
2045 2961 2585 3039 importunitatibus
2615 2974 2680 3025 et.

462 3061 691 3141 injuriis
720 3062 1080 3121 Suevorum:
1126 3078 1262 3139 quae
1289 3079 1430 3138 gens
1457 3059 1729 3131 maxima,
1780 3059 2055 3138 belloque
2100 3058 2503 3138 potentissima
2551 3080 2679 3120 om-

461 3160 625 3223 nium
682 3160 1113 3219 Germanorum
1167 3165 1231 3217 et
1284 3157 1420 3216 olim
1476 3156 1653 3216 fuisse
1708 3156 1919 3236 legitur
1962 3164 2023 3216 et
2069 3175 2228 3217 nunc
2266 3176 2397 3217 esse
2437 3157 2680 3219 dicitnr.

463 3256 598 3337 [65]
628 3256 899 3325 Quorum
939 3269 1003 3315 et
1043 3252 1304 3317 moribus
1354 3253 1537 3314 multa
1584 3252 1826 3332 quidem
1856 3273 1891 3313 a
1920 3253 2310 3332 scriptoribus
2335 3274 2529 3315 rerum
2557 3275 2682 3317 me-

463 3364 727 3416 morata:
772 3362 1058 3433 praeterea
1112 3371 1297 3432 quum
1338 3351 1498 3431 apud
1543 3371 1645 3411 eos
1691 3361 1750 3412 et
1791 3352 1950 3431 apud
1994 3370 2198 3411 omnes
2238 3352 2360 3412 fere
2414 3351 2680 3413 homines

460 3452 665 3514 mutati
704 3461 841 3513 sunt
866 3470 1078 3519 mores,
1103 3468 1361 3529 quaeqne
1401 3449 1767 3527 jacturamm
1803 3448 2053 3528 pessima
2089 3456 2201 3519 est,
2228 3467 2416 3527 prope
2451 3468 2683 3528 semper

459 3540 524 3611 in
551 3550 825 3622 deterius,
876 3549 1106 3621 borum,
1153 3556 1218 3608 ut
1262 3547 1461 3608 sileam
1491 3547 1766 3627 reliquos,
1816 3547 1975 3608 illum
2018 3546 2221 3607 saltem
2249 3566 2474 3607 morem
2501 3546 2680 3609 video

464 3656 793 3709 mutatum:
838 3648 1068 3727 Nempe
1107 3646 1302 3706 vinum
1344 3654 1519 3706 aetate
1565 3645 1708 3707 Julii
1753 3644 2003 3705 Caesaris
2048 3644 2469 3715 abhorrebant,
2509 3646 2682 3724 quod

462 3742 590 3804 ⁶³ni
615 3744 786 3805 fallor
824 3765 941 3804 non
992 3745 1399 3805 abhorrerent:
1446 3744 1508 3804 bi
1537 3743 1854 3804 vicinitatis
1883 3752 2064 3821 atque
2093 3742 2467 3803 humanitatis
2493 3743 2683 3822 impa-

462 3844 671 3906 tientes
700 3862 902 3903 omnes
926 3841 1203 3903 finitimos
1250 3843 1531 3922 populos,
1574 3851 1677 3902 aut
1703 3840 2041 3900 tributarios
2072 3839 2185 3899 sibi
2205 3840 2546 3913 effecerant,
2573 3852 2684 3903 aut

524 4026 589 4074 63
624 4022 788 4089 Lege,
807 4022 1061 4074 illvm—54
1095 4024 1253 4086 Lege,
1275 4037 1337 4072 ex
1358 4020 1625 4085 Aquitania
1645 4026 1694 4072 et
1718 4019 2000 4071 Cantabria.
2004 4024 2130 4071 -55
2168 4021 2333 4085 Lege,
2355 4021 2609 4086 superfuit.
2611 4051 2677 4063 .-

462 4109 529 4157 56
562 4105 960 4157 Deestm'in‘me.
1028 4104 1231 4154 Mittere
1274 4109 1449 4154 antem
1472 4108 1574 4168 est,
1612 4104 1812 4168 legatos
1837 4103 2062 4154 mittere.
2065 4108 2194 4153 -57
2229 4102 2402 4169 Adde,
2444 4104 2610 4154 Mem.
2613 4131 2681 4144 --

463 4190 528 4237 58
562 4185 734 4252 Adde,
752 4187 900 4236 arnis
904 4189 1049 4236 .—-59
1083 4184 1243 4249 Lege,
1262 4186 1502 4247 redegere.
1505 4188 1637 4235 —60
1673 4185 1833 4248 Lege,
1853 4185 2036 4237 cedas.
2039 4187 2160 4234 -61
2198 4185 2359 4248 Lege,
2379 4184 2434 4234 in
2457 4185 2682 4237 Autem·

464 4267 931 4333 Iaexoewsqne.—-62
966 4267 1127 4331 Lege,
1148 4267 1435 4329 trnjeeerunt
1442 4272 1588 4321 .—6³
1622 4266 1847 4317 Videtur
1869 4265 2186 4332 addendum,
2206 4281 2348 4316 nnnc.
