3017 4925
532 375 706 442 1792
1183 391 1245 440 s.
1288 389 1502 440 canet
1549 380 2087 451 counnumnn

533 543 742 604 fratres
770 543 905 623 capi
937 542 1207 622 jusserat.
1291 532 1385 602 mi
1431 552 1627 604 antem
1678 540 1744 604 'ut
1792 564 1929 604 curn
1970 543 2152 604 fratre
2199 544 2741 615 convenemnrsnd

535 642 734 702 hostes
761 642 940 721 paulo
982 651 1116 701 ante
1143 640 1539 720 profugerant.
1624 644 1715 702 lta
1758 641 2025 704 fraudem
2067 641 2228 701 omui
2271 658 2344 700 ex
2392 651 2561 720 parte
2600 660 2746 703 con-

534 748 788 799 stantem
815 740 1014 799 Caesar
1040 737 1386 817 intelligens,
1417 745 1584 796 tanto
1614 737 1892 799 intentius
1935 741 2172 816 ²⁹capto
2210 736 2481 817 procedit
2502 737 2742 803 itinere:

531 837 712 914 inque
767 836 899 915 ipso
950 832 1277 896 castrorum
1331 836 1492 895 exitu
1548 836 1816 897 bortatur
1866 856 2035 905 suos:
2081 855 2154 894 ne
2202 843 2492 896 nocturno
2538 835 2744 897 labore

535 933 871 993 turbentur:
914 952 1041 991 csse
1066 932 1243 1005 enim,
1273 941 1336 991 ut
1368 931 1629 1010 ineptum
1660 942 1896 1011 tempus
1926 930 2315 992 ³⁰adeundutn
2344 932 2439 1002 sit,
2470 948 2747 992 necess&

532 1028 681 1089 rium
714 1029 994 1107 piumque
1021 1030 1158 1098 iter:
1185 1039 1262 1088 -et
1309 1029 1526 1089 debere
1575 1029 1795 1106 pietate
1836 1029 1944 1089 viae
1971 1028 2243 1089 duritiem
2271 1048 2572 1109 superare:
2616 1044 2745 1089 om-

532 1125 823 1205 nibusque
866 1124 1228 1185 alacritatem
1267 1124 1535 1197 multam,
1563 1120 1743 1204 :itque
1790 1125 1971 1186 eundi
2014 1125 2403 1206 cupiditatem
2450 1136 2623 1204 gestu
2670 1144 2743 1186 ac

532 1242 678 1283 voce
707 1218 1124 1302 3¹signantibus
1153 1221 1566 1302 proficiscitur.
1614 1224 1685 1282 Et
1714 1223 2176 1303 vigintiquinque
2198 1222 2434 1282 milibus
2463 1240 2743 1303 passuum

532 1321 753 1380 exactis
784 1320 939 1380 videt
964 1321 1042 1379 ab
1069 1319 1317 1380 adverso
1345 1320 1672 1379 venientem
1700 1319 1889 1379 aciem
1917 1319 2273 1379 AEdnornm:
2320 1320 2743 1399 praemittitque

529 1417 643 1476 illis
668 1416 901 1476 obviam
930 1416 1278 1494 equitatum,
1327 1415 1431 1495 qui
1461 1415 1601 1474 illos
1641 1415 1918 1494 impediat
1960 1435 2031 1476 ac
2060 1414 2337 1488 retardet,
2366 1418 2529 1495 gravi
2556 1416 2746 1476 omni-

531 1515 643 1574 bus
670 1514 1015 1574 inhibitione
1043 1514 1372 1592 proposita:
1419 1533 1492 1572 ne
1532 1532 1709 1592 quem
1738 1532 1977 1592 prorsus
2004 1513 2366 1574 occiderent:
2412 1533 2527 1573 non
2555 1513 2743 1574 severi

522 1610 766 1691 judicis,
795 1611 892 1671 sed
925 1611 1008 1688 pii
1037 1629 1198 1669 more
1225 1609 1430 1688 patris,
1473 1609 1763 1688 castigare
1792 1610 2014 1681 volens,
2045 1629 2163 1670 non
2192 1611 2505 1689 perimere:
2549 1608 2738 1670 nomi-

531 1708 712 1769 natim
756 1706 1201 1786 Epor-idorigem
1229 1718 1291 1766 et
1335 1706 1763 1766 Viridomarum
1795 1705 1876 1766 ire
1914 1707 2094 1785 jubet
2134 1717 2194 1767 et
2222 1728 2358 1768 suos
2386 1707 2631 1786 alloqui,
2676 1718 2743 1768 nt

530 1806 768 1866 videant
793 1825 894 1864 eos
922 1824 1110 1864 cassos
1139 1824 1257 1863 non
1285 1822 1432 1873 esse,
1464 1803 1621 1865 sicut
1641 1802 1910 1882 proditor
1931 1804 2025 1863 ille
2052 1803 2436 1864 confinxerat.
2480 1804 2605 1874 Qui
2633 1805 2740 1866 ubi

528 1904 601 1964 ad
632 1903 853 1963 AEdnos
880 1921 1105 1972 venere,
1136 1902 1474 1978 amicosque
1499 1911 1561 1960 et
1589 1911 1762 1960 notos
1788 1900 2142 1979 compellare
2168 1911 2489 1979 coeperunt,
2536 1905 2743 1977 (nemo

528 2011 724 2061 antem
773 2000 902 2060 illos
943 2021 984 2059 ·e
1034 2008 1160 2059 toto
1208 1997 1436 2077 agmine
1476 2018 1593 2058 non
1639 2006 1698 2057 et
1746 2008 1987 2058 noverat
2032 2006 2093 2057 et
2139 1998 2404 2070 amabat)
2444 1999 2741 2078 percussit

526 2099 751 2157 animos
777 2097 935 2157 illico
962 2114 1098 2157 vera
1125 2096 1555 2157 consideratio:
1602 2106 1909 2156 senserunt
1953 2111 2016 2154 se
2060 2095 2418 2174 praecipitem
2449 2096 2504 2154 in
2533 2095 2739 2155 locum

529 2197 616 2256 sui
644 2195 815 2255 ducis
843 2194 1049 2256 fraude
1077 2195 1408 2273 perductos.
1497 2194 1786 2274 Projectis
1815 2193 2014 2272 itaque
2041 2192 2237 2251 statim
2268 2192 2467 2265 armis,
2496 2202 2559 2252 et
2600 2211 2741 2271 pro-

527 2293 702 2353 tentis
753 2292 827 2352 ad
887 2294 1181 2354 Caesarem
1229 2291 1521 2362 manibus,
1576 2291 1752 2369 [139]
1805 2298 2106 2368 coeperunt
2157 2289 2278 2348 alta
2327 2308 2474 2348 voce
2519 2289 2737 2349 erroris

525 2390 754 2450 veniam
783 2389 1118 2469 implorare.
1201 2388 1528 2448 Litavictus
1575 2407 1708 2447 vero
1736 2386 2057 2465 intelligens
2087 2385 2356 2446 inefficax
2402 2405 2573 2445 suum
2604 2405 2739 2447 esse

524 2498 938 2559 commentum,
967 2482 1208 2547 dimisso
1236 2485 1493 2546 exercitu
1520 2484 1774 2564 amplius
1804 2502 1924 2543 non
1951 2501 2080 2555 suo,
2107 2504 2243 2543 cum
2270 2483 2586 2544 clientibus
2614 2485 2738 2544 suis

526 2585 629 2666 qni
672 2605 809 2644 eum
853 2601 1014 2645 more
1042 2584 1274 2646 Gallico
1321 2584 1380 2643 in
1429 2584 1589 2644 nulla
1634 2583 1900 2643 deserere
1949 2590 2227 2660 poterant
2273 2580 2524 2652 fortuna,
2573 2601 2735 2660 equo

525 2682 773 2743 stimulis
825 2683 1040 2763 adacto
1089 2683 1241 2742 clam
1285 2680 1584 2751 dilabitur,
1634 2678 2017 2758 pervenitque
2058 2680 2445 2757 Gorgomam.
2471 2723 2481 2732 .
2531 2679 2740 2738 Caesar

524 2779 736 2839 nuntiis
778 2778 1084 2838 ⁸²AEduum
1136 2778 1339 2850 missis,
1391 2778 1493 2854 qui
1524 2776 1915 2855 proditionem
1962 2775 2257 2847 Litavicti,
2297 2793 2589 2854 suamque
2612 2775 2735 2837 cle-

524 2875 798 2935 mentiam
847 2874 1201 2942 nuntiarent,
1256 2873 1627 2933 servatricem
1677 2889 1916 2933 suorum
1963 2872 2204 2945 civium,
2259 2893 2411 2952 quos
2456 2873 2735 2936 occidere

525 2972 662 3032 belli
674 2973 809 3048 jure
828 2971 1012 3042 licuit,
1037 2989 1155 3030 non
1176 2970 1424 3049 amplius
1453 2990 1631 3048 qnam
1662 2980 1777 3030 tres
1809 2971 1980 3030 boras
2008 2971 2198 3030 noctis
2218 2970 2296 3030 ad
2320 2969 2583 3048 requiem
2606 2970 2733 3031 suis

523 3067 708 3139 dedit,
739 3066 957 3127 veritus
984 3067 1183 3140 credo,
1214 3088 1287 3128 ne
1331 3068 1511 3127 nimio
1548 3087 1759 3148 sopore
1788 3077 2233 3129 marcescerent.
2318 3067 2467 3128 Inde
2492 3069 2732 3146 Gorgo·

521 3184 679 3226 mam
707 3165 882 3224 ³³duo
911 3165 1137 3226 interim
1164 3164 1424 3244 pericula
1453 3166 1852 3245 contigerant:
1896 3186 2028 3226 uam
2056 3179 2117 3226 et
2145 3166 2381 3226 Alverni
2407 3186 2481 3226 eo
2506 3165 2731 3244 digres-

520 3286 588 3326 so
616 3275 806 3325 castra
830 3264 959 3342 ejus
986 3263 1358 3335 ³⁴evaserant,
1387 3274 1448 3323 et
1474 3275 1800 3324 castrorum
1833 3264 2080 3324 latitudo
2124 3275 2185 3324 et
2226 3265 2494 3344 paucitas
2522 3263 2731 3324 defen·

519 3365 710 3423 sorum
739 3370 798 3420 et
826 3362 913 3421 vis
944 3361 1199 3421 hostium
1227 3381 1346 3421 rem
1364 3363 1434 3422 >in
1464 3381 1754 3421 summum
1804 3360 2111 3421 discrimen
2141 3361 2487 3420 adduxerat.
2568 3361 2637 3420 Id
2667 3381 2731 3421 se

518 3461 704 3540 primo
728 3459 826 3519 die
849 3479 1109 3538 passum,
1141 3460 1524 3539 proximoque
1554 3478 1880 3539 passurum,
1911 3472 2086 3537 atque
2118 3459 2192 3519 ad
2222 3458 2284 3518 id
2312 3479 2373 3518 se
2401 3476 2731 3537 praepanre

518 3556 737 3619 Caesari
766 3554 977 3617 Fabius
1006 3557 1314 3628 nuntiavit,
1343 3556 1392 3616 is
1419 3558 1523 3635 qui
1552 3557 1778 3637 legatus
1800 3557 1881 3616 ad
1913 3566 2103 3616 castra
2124 3567 2506 3617 remanserat:
2539 3565 2602 3615 et
2630 3555 2730 3615 bic

519 3653 667 3712 ³5ille
714 3652 971 3723 nuntius,
1021 3653 1212 3713 noctis
1260 3663 1321 3713 et
1373 3654 1486 3714 viae
1536 3654 1752 3725 medio,
1801 3653 2079 3713 occurrit.
2181 3650 2484 3732 ³⁶Propter
2504 3689 2511 3698 -
2530 3669 2734 3730 gressu

516 3747 725 3809 addito
752 3747 1104 3822 accelerans,
1128 3748 1202 3808 ad
1232 3759 1426 3810 castra
1454 3751 1717 3811 nondum
1746 3761 1882 3810 orto
1904 3750 2022 3811 sole
2050 3749 2330 3829 pervenit.
2372 3749 2504 3810 ³⁷Et
2532 3749 2731 3819 AEdnb

577 3931 644 3977 29
677 3927 840 3991 Lege,
858 3932 1154 3990 «παρίω-30
1192 3929 1367 3990 Forte,
1399 3929 1462 3977 ud
1479 3930 1831 3979 eundum—81
1868 3930 2049 3992 Forte,
2077 3927 2607 3994 sigmjfimtibus.—32
2638 3928 2730 3980 Sic

514 4007 652 4059 infra
672 4023 724 4073 p.
752 4012 892 4059 1⁷98.
915 4010 1003 4058 lin.
1024 4013 1070 4058 6.
1103 4010 1314 4060 Εάιηιηι
1337 4025 1514 4061 tersus.
1547 4024 1609 4062 ac
1627 4011 1786 4061 etiam
1806 4025 1858 4076 p.
1886 4015 2030 4060 18⁰1.
2051 4011 2141 4060 lin.
2163 4014 2246 4059 29.
2282 4010 2493 4059 AEaum
2515 4011 2730 4060 accedat.

511 4092 641 4139 -83
687 4091 873 4151 Deest,
910 4087 1373 4157 wotidedun—³1
1407 4077 1570 4158 Lege,
1613 4091 2030 4143 &venrant-85
2066 4093 2225 4156 Lege,
2265 4081 2494 4142 illi—36
2540 4089 2584 4140 1³
2586 4097 2724 4153 orte,

507 4174 903 4237 μορέην-37
939 4171 1117 4237 Forte,
1135 4172 1227 4223 At.
