3017 4925
506 381 681 451 1⁷98
1153 399 1213 449 si
1258 397 1471 449 canai
1524 398 2066 449 conum-rami

507 550 568 610 in
596 558 787 611 eastra
826 569 887 610 se
930 549 1167 611 retulit:
1212 568 1322 629 par
1368 549 1638 630 sequenti
1681 550 1779 611 die
1823 551 2117 630 pueliam,
2174 567 2403 628 parque
2432 558 2721 609 eventust

511 648 732 727 quibus
773 656 834 708 et
879 647 1171 708 Gallicam
1207 648 1559 725 jactantiam
1601 658 1688 707 sat
1731 662 2142 725 compressum,
2196 656 2256 706 et
2303 662 2541 705 snorum
2586 662 2719 725 spes

509 753 733 804 erectas
786 756 965 816 ratus,
1023 763 1096 805 ne
1130 745 1220 804 vel
1266 744 1466 805 hostes
1504 742 1663 824 fugat
1690 754 1999 822 arguerent
2030 744 2362 821 digressos;
2413 741 2591 820 [146]
2628 741 2721 800 vel

512 838 602 898 sui
630 850 896 901 nontam
928 840 1071 901 duci
1116 841 1195 901 ad
1239 842 1370 914 alia,
1416 860 1598 920 quam
1645 840 1898 901 subduci
1926 839 2315 919 praesentibus
2351 836 2628 917 periculis
2659 855 2723 895 se

514 935 821 997 crederent
845 948 1021 1017 atque
1049 939 1306 1000 abduci:
1351 949 1544 999 castra
1571 939 1774 1010 movit,
1822 938 2103 1017 nulloque
2133 938 2387 996 hostium
2417 935 2724 1012 insequen-

516 1044 594 1104 te,
621 1034 877 1095 AEduum
909 1056 1127 1110 versus,
1181 1037 1282 1098 ubi
1309 1036 1560 1096 maxime
1592 1037 1913 1107 metuebat,
1965 1036 2295 1095 institutum
2325 1034 2432 1092 iter
2456 1031 2721 1109 arripuit.

514 1133 699 1193 Erant
722 1132 783 1192 in
823 1134 1083 1195 exercitu
1111 1134 1476 1214 Eporedorix
1502 1145 1565 1194 et
1592 1133 1990 1195 Viridomarus
2019 1132 2216 1203 AEdui,
2265 1147 2515 1209 quorum
2544 1146 2727 1207 supra

515 1231 873 1293 mentionem
904 1233 1182 1294 fecimus:
1226 1232 1286 1293 hi
1331 1232 1559 1311 magnis
1605 1231 1910 1293 beneficiis
1954 1229 2251 1310 praeventi,
2298 1236 2360 1287 et
2401 1224 2726 1305 praesertim

518 1329 827 1403 secundus,
873 1330 931 1390 in
961 1331 1157 1391 multis
1185 1349 1343 1409 saepe
1386 1329 1713 1401 discordes,
1760 1328 1822 1388 in
1851 1329 1966 1388 boe
2012 1346 2129 1388 nno
2153 1335 2299 1386 tunc
2325 1320 2641 1401 ⁶“imperio
2667 1330 2730 1381 et

518 1421 578 1482 in
616 1427 768 1503 grati
811 1428 1003 1489 animo
1050 1427 1500 1502 concordarunt,
1546 1436 1613 1487 nt
1658 1425 1962 1486 dominum
1986 1434 2047 1484 et
2093 1420 2529 1482 benefactorem
2554 1438 2727 1478 suum

520 1538 639 1579 nou
666 1523 855 1583 solum
899 1523 956 1583 iu
988 1523 1336 1584 necessitate
1364 1522 1711 1593 desererent,
1760 1521 1864 1581 sed
1909 1530 2115 1582 contra
2139 1539 2271 1580 eum
2302 1536 2547 1596 quoque
2574 1515 2733 1576 nefas-

518 1618 603 1679 rie
631 1621 1025 1698 conjurarent.
1104 1621 1308 1681 Tertio
1338 1640 1478 1699 ergo
1526 1618 1905 1699 profectionis
1949 1619 2047 1678 die
2090 1618 2260 1678 simul
2305 1634 2440 1676 eum
2487 1615 2729 1674 adeunt.

522 1727 757 1777 narrant
796 1718 1149 1777 Litavictum
1180 1717 1484 1777 concivem
1524 1738 1694 1778 suum
1740 1736 1954 1795 magno
2002 1737 2140 1776 cum
2187 1715 2452 1794 equitatu
2480 1709 2557 1771 ad
2598 1710 2737 1770 alie-

523 1814 747 1874 nandas
778 1824 1000 1875 mentes
1049 1815 1418 1894 popularium
1460 1834 1494 1874 a
1537 1815 1816 1874 Romanis
1865 1814 1925 1874 iu
1971 1813 2223 1893 patriam
2274 1809 2633 1891 profectum,
2674 1817 2738 1867 et

524 1911 915 1972 necessarium
939 1931 1065 1973 esse
1094 1913 1256 1991 ipsos
1294 1914 1636 1992 praevenire,
1683 1922 1749 1972 ut
1775 1912 2031 1972 consiliis
2059 1919 2240 1990 atque
2267 1906 2574 1968 conatibus
2603 1904 2739 1982 ejus

523 2018 919 2070 occurrerent.
1002 2011 1141 2070 Non
1170 2009 1373 2071 fefellit
1419 2010 1998 2090 circumspectissimi
2046 2007 2217 2068 ducis
2256 2023 2506 2066 acumen
2533 2003 2738 2062 fucata

525 2103 981 2166 adolescentium
1010 2110 1233 2169 oratio:
1279 2118 1535 2169 senserat
1553 2109 1680 2187 jam
1712 2107 1936 2188 pridem
1964 2126 2105 2186 erga
2132 2126 2191 2166 se
2213 2113 2482 2164 nutantes
2510 2101 2739 2161 AEdno·

525 2219 657 2261 rum
682 2201 924 2275 animos,
966 2213 1029 2265 et
1074 2206 1282 2266 borum
1316 2205 1606 2283 juvenum
1649 2205 1945 2265 levitatem
1975 2202 2151 2265 certis
2177 2199 2405 2261 indiciis
2442 2199 2576 2277 jam
2601 2208 2740 2256 ante

521 2306 873 2387 notaverat:
917 2320 1108 2381 neque
1162 2303 1221 2364 in
1279 2302 1530 2363 dubium
1585 2303 1945 2374 revocabat3
1987 2301 2127 2381 quin
2181 2300 2389 2360 horum
2446 2294 2740 2375 profectio

529 2394 803 2457 alimenta
851 2397 1117 2477 perfidias
1160 2411 1311 2461 esset
1352 2400 1620 2472 allatura,
1677 2410 1947 2479 essetque
1994 2398 2060 2459 iis
2106 2394 2492 2477 praesentibus
2549 2392 2740 2452 latens

529 2492 731 2555 adhuc
777 2496 1034 2574 proditio
1073 2509 1355 2578 eruptura
1382 2498 1698 2561 maturius:
1744 2518 1816 2558 ne
1844 2508 2039 2558 tamen
2069 2507 2129 2555 et
2168 2494 2416 2554 liberum
2446 2508 2744 2552 commea-

528 2601 656 2652 tum
702 2592 900 2654 liberis
945 2594 1280 2658 hominibus
1309 2595 1682 2676 denegando,
1732 2598 2025 2657 videretur
2065 2593 2330 2672 injurius,
2380 2600 2484 2650 aut
2532 2587 2745 2648 invitos
2812 2602 2825 2611 ·

529 2687 848 2751 detinendo
874 2692 1126 2771 pavidus
1154 2695 1506 2767 crederetur,
1535 2695 1835 2755 licentiam
1873 2693 2038 2753 dedit
2064 2688 2364 2752 abeundi:
2407 2684 2743 2765 digredien-

531 2797 621 2847 tes
672 2807 809 2849 vero
855 2790 939 2849 sic
982 2789 1339 2869 alloquitur:
1384 2798 1403 2825 ‘
1434 2792 1515 2851 Et
1540 2791 1656 2862 ite,'
1700 2790 1802 2862 ait,
1854 2798 1873 2825 ‘
1902 2789 2096 2861 amici,
2154 2784 2394 2867 quando
2442 2783 2526 2843 sic
2572 2782 2740 2852 libet,

533 2895 826 2947 memento
854 2896 1069 2958 autem,
1116 2897 1176 2948 et
1206 2887 1411 2948 vestris
1438 2885 1668 2947 civibus
1707 2896 2047 2957 memorate,
2099 2885 2148 2945 si
2178 2883 2417 2945 forsitau
2444 2880 2612 2940 obliti
2654 2900 2743 2940 es·

535 2991 689 3052 sent,
735 3002 866 3043 mea
911 2982 969 3044 in
1012 2983 1143 3045 illos
1195 2993 1257 3044 et
1295 2985 1504 3063 populi
1551 2984 1799 3044 Romani
1825 2981 2137 3043 beneficia.
2246 2982 2374 3060 Ego
2401 2980 2555 3037 enim
2598 2984 2743 3052 (non

532 3079 775 3157 antiqua
799 3099 889 3139 res
916 3083 1031 3154 est)
1068 3089 1203 3140 ante
1247 3099 1469 3159 paucos
1493 3098 1679 3138 annos
1707 3098 1842 3139 cum
1873 3099 1978 3139 vos
2007 3077 2182 3138 AEdui
2227 3075 2472 3137 humiles
2517 3083 2580 3133 et
2606 3092 2748 3133 con-

534 3175 727 3237 clusos
756 3176 814 3237 in
843 3178 1060 3256 opidis,
1089 3179 1241 3259 agris
1268 3177 1638 3257 fortunisque
1666 3177 1941 3238 omnibus
1968 3175 2209 3248 amissis,
2238 3194 2348 3254 per
2374 3173 2490 3232 vim
2515 3171 2746 3232 obsides

533 3274 663 3334 aliis
690 3295 760 3336 ac
789 3274 1081 3354 stipendia
1110 3277 1452 3355 pendentes,
1483 3276 1689 3336 vestris
1718 3273 1975 3336 finitimis
2002 3273 2338 3343 ludibrium,
2362 3267 2742 3350 accepissem,

536 3391 657 3432 non
683 3371 863 3433 modo
911 3369 1202 3452 stipendio
1248 3382 1429 3451 atque
1472 3373 1779 3433 obsidibus
1814 3371 2075 3443 liberavi,
2126 3369 2229 3431 sed
2273 3385 2453 3448 supra
2479 3369 2775 3436 omnium,

536 3469 876 3529 memoriam
904 3466 960 3509 ⁶⁷
973 3470 1260 3550 gloriosus
1285 3468 1437 3530 feci:
1481 3468 1566 3530 ita
1594 3479 1661 3529 nt
1679 3489 1753 3528 ex
1780 3469 1990 3529 misera
2016 3487 2118 3527 seu
2148 3465 2456 3528 miserabili
2484 3465 2745 3549 fortuna,

533 3564 854 3626 invidiosos
882 3567 993 3628 toti
1021 3567 1236 3630 Galliae
1262 3566 1639 3628 reddiderim.
1703 3568 1811 3640 lte,
1840 3567 2102 3645 inquam,
2133 3565 2250 3625 mei
2274 3575 2338 3625 et
2366 3565 2574 3624 borum
2605 3582 2745 3641 qne

537 3661 706 3721 vobis
734 3662 872 3722 dico
898 3683 1220 3724 memores:
1262 3664 1438 3744 [147]
1463 3664 1733 3725 humanis
1772 3662 1948 3724 etiam
1976 3664 2033 3723 in
2064 3662 2238 3722 rebus
2266 3661 2410 3722 nihil
2435 3658 2598 3722 ⁴⁵⁸est
2624 3658 2746 3720 fide

539 3756 796 3817 nobilius
843 3759 1114 3838 penitus!
1172 3760 1265 3819 Illi
1307 3770 1503 3820 autem
1546 3760 1764 3840 quibus
1807 3768 1964 3821 esset
2010 3760 2142 3820 imis
2184 3759 2525 3841 praecordiis
2571 3756 2748 3820 affixa

536 3850 879 3933 “praesidia
922 3855 1117 3916 abiere
1161 3857 1342 3928 illico,
1398 3866 1462 3917 et
1507 3859 1818 3917 verborum
1845 3867 1906 3919 et
1950 3876 2144 3918 rerum
2187 3856 2447 3917 omnium
2494 3864 2556 3916 et
2598 3854 2746 3916 tanti

538 3949 709 4013 ducis
732 3951 1127 4015 Mmemores.
1209 3956 1421 4033 Itaque
1460 3955 1659 4019 statim
1688 3964 1756 4016 ut
1802 3954 2225 4015 Noviodunum
2254 3952 2599 4034 attigerunt,
2643 3950 2747 4012 nbi

605 4166 673 4213 ss
707 4165 880 4230 Forte,
901 4165 1038 4231 impii
1056 4171 1105 4216 et
1125 4131 1457 4230 §maa—m
1488 4167 1650 4234 nege,
1676 4168 2055 4231 skama-ss
2088 4167 2267 4231 rorte,
2300 4180 2396 4216 me
2421 4162 2750 4230 fiae-ome·-

533 4250 715 4311 μείω.
780 4246 1015 4297 lua-oo
1047 4249 1208 4313 Lege,
1229 4246 1448 4314 perfidia.
