3017 4925
446 343 625 418 Iros
1090 359 1151 413 s.
1198 357 1411 411 osnst
1459 351 1671 410 eom
1685 353 1996 411 mmm!

447 517 655 580 oculos
705 515 939 588 babere,
990 531 1336 594 semperque
1392 511 1719 574 cervicibus
1765 511 2202 593 impendentem
2250 507 2525 574 crederet
2567 496 2661 573 o‘b‘

447 634 700 695 eamque
746 634 903 674 nunc
950 632 1189 672 causam
1242 614 1474 673 cunctis
1526 612 2002 673 lamentantibus·
2036 612 2194 672 solos
2247 609 2655 672 obmutuisse:

446 710 763 774 Miseratus
792 712 990 771 Caesar
1013 709 1364 770 miserrimos
1384 711 1711 769 Galliarum
1741 719 1955 770 stratos
1983 708 2204 768 animos
2229 707 2434 768 leviter
2457 705 2654 783 erigit,

446 809 791 888 promittens
818 828 879 868 se
908 808 984 867 de
1012 807 1240 867 illorum
1271 807 1696 867 calamitatibus
1722 816 2088 866 curaturum:
2135 813 2195 864 et
2222 823 2452 883 sperare
2482 803 2657 862 Ario·

446 904 680 979 vistum,
712 907 843 966 binc
874 906 1120 965 Romani
1146 905 1397 964 nominis
1444 905 1772 982 majestate,
1816 903 1950 964 hinc
1996 902 2234 981 privatis
2280 901 2398 960 suis
2427 899 2486 958 in
2513 917 2654 959 eum

451 1001 670 1062 meritis
697 1014 907 1082 sponte
935 1010 1395 1081 temperaturum
1424 999 1504 1061 ab
1526 1000 1770 1078 injuriis.
1832 1001 2041 1060 Soluto
2068 998 2340 1069 concilio,
2363 1007 2424 1058 et
2451 996 2659 1075 legatis·

448 1098 695 1158 reversis
720 1098 798 1158 ad
848 1100 1106 1177 propria,
1148 1099 1441 1159 Coesarem
1487 1115 1666 1176 super
1711 1097 1926 1157 auditis
1969 1097 2250 1157 attentius
2273 1096 2655 1174 cogitantem,

449 1196 631 1256 multa
653 1194 891 1276 quidem
911 1197 986 1257 ad
1006 1195 1450 1274 suscipiendum
1473 1193 1815 1254 miserorum
1836 1195 2222 1273 patrocinium
2247 1192 2654 1271 impellebautt

448 1292 553 1353 sed
609 1292 870 1372 inprimis
919 1291 1313 1353 consideratio
1363 1290 1684 1362 Eduorum,
1715 1310 1864 1370 quos
1890 1310 2011 1350 nou
2039 1291 2262 1351 amicos
2303 1287 2505 1359 modo,
2547 1286 2656 1348 sed

449 1390 911 1470 consanguineos
956 1399 1020 1451 et
1066 1390 1275 1450 fratres
1313 1407 1351 1448 a
1390 1395 1595 1449 senatu
1640 1388 1850 1448 totiens
1895 1379 2220 1468 appellatos
2262 1388 2375 1446 sub
2420 1384 2658 1446 servitio

450 1489 885 1549 Germanorum
911 1507 1149 1574 cerqere
1176 1493 1237 1548 et
1262 1487 1372 1547 sibi
1411 1495 1474 1546 et
1500 1485 1724 1564 populo
1751 1486 2022 1545 Romano
2047 1483 2657 1563 ignominiosissimum

446 1584 788 1646 estimabat.
872 1584 1216 1646 Accedebat
1242 1584 1339 1643 illa
1364 1602 1606 1662 quoque
1636 1582 1936 1662 cogitatio,
1961 1583 2122 1660 quod
2153 1583 2483 1642 Germanos
2523 1597 2660 1658 pas-

452 1680 561 1741 sim
588 1701 659 1743 ac
681 1690 898 1743 temere
925 1682 985 1741 iu
1009 1681 1234 1742 Gallias
1256 1680 1501 1754 effundi,
1535 1697 1653 1741 non
1685 1681 1865 1741 modo
1887 1701 2024 1742 cum
2047 1680 2356 1741 Gallorum
2378 1676 2658 1758 pernicie,

452 1778 555 1838 sed
585 1798 704 1838 non
748 1779 874 1840 sine
920 1779 1182 1859 periculo
1211 1780 1462 1839 Romani
1509 1778 1737 1858 imperii
1767 1778 2106 1840 videbatur-t
2153 1798 2289 1838 cum
2334 1775 2660 1856 praesertim

448 1875 775 1936 Ariovistus
827 1886 890 1937 et
944 1888 1151 1938 natura
1203 1874 1533 1956 ⁹⁶superbet
1576 1886 1637 1938 et
1684 1878 2060 1938 successibus
2108 1877 2316 1937 timens
2362 1892 2661 1954 supraque

452 1970 752 2034 bominem
792 1974 978 2034 elatus
1026 1973 1172 2034 nihil
1219 1993 1338 2034 nou
1382 1993 1634 2034 ausurus
1676 1985 2007 2052 appareret.
2089 1973 2321 2042 Quibus
2345 1991 2420 2031 ex
2465 1970 2660 2031 causis

454 2070 644 2132 visum
671 2081 760 2132 est
787 2071 951 2133 factu
979 2072 1268 2151 optimum
1313 2071 1536 2150 legatos
1582 2072 1657 2132 ad
1708 2080 1843 2133 eum
1870 2073 2121 2143 mittere,
2172 2070 2276 2149 qui
2304 2068 2659 2138 nunfiarent,

451 2166 670 2228 habere
714 2189 914 2229 secum
942 2171 1234 2231 caesarem
1280 2170 1356 2229 de
1395 2168 1740 2249 reipublicae
1785 2180 1942 2231 statu
1985 2170 2329 2248 magnisque
2368 2167 2445 2227 de
2485 2165 2664 2227 rebus

457 2263 747 2344 colloquia
788 2266 908 2327 loci
953 2266 1030 2327 ad
1078 2266 1140 2327 id
1168 2286 1240 2327 ac
1269 2268 1544 2347 temporis
1573 2269 1851 2348 oportuni
1898 2268 2241 2328 ”electione
2295 2266 2444 2344 regis
2491 2275 2660 2324 esse:

455 2361 593 2422 huic
621 2375 741 2424 tam
769 2364 1052 2424 modestae
1073 2364 1348 2442 legationi
1370 2364 1884 2426 insolentissimum
1909 2365 2004 2425 ille
2023 2384 2360 2444 responsum
2384 2361 2662 2424 reddidit.

453 2467 473 2518 ἒ
496 2460 577 2522 Et
604 2458 753 2539 quis'
779 2460 968 2540 inquit
998 2469 1017 2497 ‘
1038 2469 1131 2522 est
1153 2461 1371 2533 Caesar,
1404 2470 1505 2521 aut
1534 2460 1680 2541 quid
1712 2462 1854 2522 mihi
1884 2481 2197 2523 commune
2224 2480 2362 2521 cum
2387 2460 2663 2523 Caesare'l

452 2575 563 2636 ego
610 2558 661 2618 si
709 2559 959 2620 Caesaris
1005 2578 1237 2637 egerem
1279 2557 1359 2619 ad
1399 2578 1536 2619 eum
1565 2560 1849 2620 venirem:
1892 2560 2016 2637 ipse
2059 2558 2106 2619 si
2148 2559 2261 2618 mei
2288 2566 2420 2635 eget
2447 2556 2525 2618 ad
2567 2576 2666 2618 me

458 2653 668 2716 veniat.
739 2656 1029 2736 Equidem
1058 2656 1116 2716 iu
1138 2657 1566 2736 possessionem
1598 2656 1844 2717 Caesaris
1873 2676 2066 2735 neque
2111 2656 2319 2734 pedem
2367 2653 2666 2733 positurus

457 2751 581 2812 sine
608 2754 888 2827 exercitu,
916 2772 1108 2832 neque
1135 2754 1453 2813 exercitum
1481 2771 1554 2812 eo
1581 2753 1750 2812 facile
1778 2752 2175 2832 perducturus
2195 2772 2345 2812 sum.
2411 2751 2667 2812 Proinde

453 2844 769 2910 fateor'me
794 2850 1011 2920 mirari,
1043 2848 1187 2928 quid
1235 2850 1311 2910 ad
1360 2851 1651 2911 Caesarem
1693 2858 1894 2909 nostra
1935 2849 2271 2910 Germania.
2353 2847 2666 2928 Numquid

454 2966 567 3023 ego
594 2946 771 3006 rebus
800 2966 893 3007 me
920 2946 1200 3007 Romanis
1227 2945 1570 3006 immisceo‘l
1610 2955 1716 3006 aut
1751 2964 1888 3026 quae
1935 2965 2114 3007 causa
2159 2947 2220 3006 in
2268 2945 2415 3006 fines
2444 2945 2669 3005 Gallia-

456 3060 607 3114 rum,
655 3042 789 3120 [32]
829 3061 977 3120 quas
1023 3042 1164 3100 mibi
1205 3041 1343 3101 belli
1374 3042 1512 3119 jure
1542 3042 1823 3120 quaesitas
1853 3043 2088 3116 scirent,
2134 3045 2425 3104 Caesarem
2452 3050 2515 3102 et
2543 3043 2667 3101 Ro·

457 3155 630 3197 mana
657 3139 822 3217 signa
846 3137 1234 3218 pertraxerit?
1312 3138 1449 3198 Hoc
1477 3156 1759 3216 responso
1805 3148 2052 3219 accepto
2093 3142 2293 3201 Caesar
2334 3140 2559 3219 legatos
2586 3138 2667 3201 ad

457 3234 711 3297 eundem
758 3236 1021 3306 remittit,
1077 3234 1182 3314 qui
1229 3235 1359 3297 haec
1412 3235 1683 3298 referant.
1768 3245 1786 3270 ‘
1806 3239 2061 3308 Quando
2111 3238 2233 3317 ipse
2282 3246 2342 3298 et
2388 3236 2666 3315 privatim

460 3332 728 3405 caesaris,
754 3340 818 3393 et
844 3333 1089 3411 publice
1125 3334 1369 3394 Senatus
1411 3343 1472 3394 et
1494 3334 1701 3413 populi
1734 3336 1983 3396 Romani
2011 3332 2431 3417 beneficiorum
2464 3333 2670 3395 imme·

460 3448 612 3502 mor,
641 3430 785 3491 nihil
814 3431 927 3493 sibi
951 3431 1219 3491 cumillis
1236 3429 1514 3510 judicans
1541 3448 1877 3504 commune,
1895 3452 2031 3492 cum
2054 3439 2250 3492 tamen
2272 3432 2424 3490 iuter
2443 3431 2668 3490 amicos

460 3535 680 3587 cuncta
706 3527 932 3588 soleant
956 3548 1080 3588 esse
1109 3526 1462 3596 communia,
1492 3537 1615 3588 tam
1647 3529 1899 3608 superbe
1929 3529 2179 3589 Romani
2214 3525 2580 3606 imperatoris
2606 3536 2670 3588 et

462 3621 637 3681 amici
664 3622 753 3681 sui
781 3622 1137 3701 colloquium
1186 3635 1514 3696 recusat-en
1559 3644 1621 3684 se
1667 3625 1827 3704 quod
1866 3625 1978 3685 sibi
2024 3625 2290 3684 dicturus
2319 3624 2509 3683 suerat
2536 3623 2667 3684 haec

460 3718 771 3781 mandare:
816 3721 905 3780 Ne
924 3720 1149 3781 scilicet
1174 3722 1351 3782 ullam
1367 3724 1796 3782 Germanorum
1823 3740 2034 3782 novam
2065 3740 2303 3780 manum
2331 3719 2672 3782 transferret

463 3813 524 3877 iu
552 3816 811 3879 Galliasz
857 3817 1040 3878 Eduis
1085 3819 1287 3879 amicis
1331 3819 1538 3899 populi
1587 3819 1835 3880 Romani
1874 3838 2198 3897 eorumque
2224 3818 2399 3879 sociis
2427 3815 2668 3878 obsides

464 3914 812 3988 restitueret,
844 3914 998 3976 bello
1046 3917 1430 3997 imposterum
1475 3926 1656 3997 atque
1697 3916 1924 3997 injuriis
1964 3917 2347 3978 ”temera-et.
2427 3915 2492 3975 Si
2537 3914 2670 3975 baeo

530 4151 599 4198 06
629 4146 791 4215 Lege,
826 4150 1048 4219 nepes-bus
1083 4152 1132 4203 et
1169 4148 1451 4203 mecm
1489 4150 1820 4203 tunm-ar
1854 4146 2018 4217 Lege,
2061 4146 2475 4202 electionem—48
2507 4142 2672 4211 Lege,

465 4235 769 4296 tempero-ot.
1032 4276 1037 4279 .
1178 4274 1185 4279 .
