3017 4925
560 377 736 446 1822
1205 392 1264 440 s.
1310 391 1523 440 cmm
1592 391 2131 442 comtsswrsnu

560 546 735 607 armis
775 543 1143 615 abscederet,
1170 553 1351 623 atque
1377 542 1451 603 ad
1484 562 1717 622 aequam
1764 543 2100 605 civilitatem
2145 542 2363 621 pariter
2406 526 2770 611 remearent:

497 675 506 683 ·
557 647 636 709 ita
665 645 900 704 demum
920 661 1183 701 securam
1203 641 1569 718 liberamque
1588 640 2015 727 rempublicam
2044 639 2197 711 fore:
2226 639 2407 718 idque
2431 660 2548 700 uon
2579 639 2767 701 solum

558 742 855 820 pollicitus
885 740 986 800 sed
1015 738 1372 799 contentiose
1395 738 1550 798 visus
1576 749 1663 797 est
1687 737 1932 807 efficere,
1957 749 2153 797 certus
2182 737 2259 797 de
2288 737 2533 797 Caesaris
2562 737 2773 797 volun·

559 851 699 909 tate,
731 840 830 917 qui
858 836 915 896 id
945 838 1133 915 ipsum
1164 856 1199 895 a
1226 837 1444 895 Senatu
1477 836 1681 896 litteris
1710 836 1898 914 petiit,
1931 844 1996 895 ut
2022 834 2250 897 scilicet
2277 845 2380 894 aut
2422 835 2532 895 sibi
2561 834 2768 913 populi

562 936 809 997 Romani
865 933 1216 994 beneficium
1260 934 1545 1011 integrum
1596 943 1940 1005 servaretur,
1976 934 2089 993 hoc
2141 943 2230 992 est
2275 931 2588 1011 imperium
2628 951 2768 992 cum

563 1032 924 1111 legionibus:
968 1041 1070 1090 aut
1111 1029 1308 1091 caeteri
1350 1030 1557 1090 saltem
1586 1030 1771 1091 duces
1812 1031 1867 1088 in
1900 1031 2026 1090 ¹⁵ea
2054 1029 2393 1090 conditione
2420 1038 2638 1099 essent,
2668 1049 2770 1088 ex-

561 1132 896 1208 ercitusque
929 1128 1325 1189 dimitterent:
1370 1129 1530 1207 quod
1579 1149 1651 1188 eo
1701 1128 1974 1188 fidentius
2018 1128 2377 1206 postulabat,
2410 1135 2475 1189 ut
2522 1125 2769 1206 quidam

562 1228 995 1307 opinabantur:
1047 1226 1187 1304 quia
1230 1246 1312 1295 se.
1342 1226 1516 1305 [177]
1544 1247 1680 1287 cum
1721 1227 1915 1297 vellet,
1942 1226 2240 1306 aliquanto
2268 1225 2497 1285 facilius
2543 1236 2770 1285 vetera-

561 1344 789 1394 norum,
812 1342 989 1401 quam
1020 1323 1361 1401 Pompejum
1391 1332 1681 1402 tyronum,
1708 1324 2026 1383 exercitum
2067 1323 2141 1383 ad
2187 1323 2469 1401 obsequia
2495 1321 2774 1384 reductu-

557 1442 690 1484 rnm
736 1441 855 1482 non
897 1419 1234 1499 ambigeret,
1266 1428 1486 1480 tantam
1516 1440 1652 1481 cum
1686 1421 1967 1481 veteranis
2006 1420 2319 1481 amicitiam
2364 1420 2566 1480 Caesar
2590 1420 2770 1498 longo

563 1539 692 1589 usu,
749 1527 1095 1597 tantamque
1149 1517 1597 1577 familiaritatem
1650 1519 2000 1579 contraxisse
2047 1518 2370 1586 videbatur,
2419 1526 2608 1595 utque
2646 1524 2771 1577 erat

562 1610 811 1677 affabilis
838 1631 897 1675 et
925 1615 1245 1674 animorum
1270 1633 1469 1692 rapax,
1502 1615 1623 1672 sine
1669 1616 1785 1675 ulla
1811 1616 2178 1675 dubitatione
2206 1624 2574 1689 contraxerat
2603 1634 2619 1673 :
2667 1615 2771 1674 sed

562 1733 752 1793 neque
781 1732 885 1791 per
913 1733 975 1772 se
1004 1731 1196 1790 neque
1225 1730 1331 1790 per
1359 1712 1626 1772 tribunos
1655 1712 1813 1790 quod
1844 1713 2085 1790 petebat
2098 1694 2373 1779 obtinuit,
2395 1711 2770 1773 obstantibus

564 1807 891 1870 fautoribus
910 1807 1090 1886 partis
1105 1807 1178 1867 ad
1189 1827 1390 1877 verse,
1415 1807 1518 1885 qui
1540 1808 1761 1869 nullum
1787 1809 2075 1888 Pompejo
2102 1829 2299 1888 parem
2331 1808 2452 1887 pati
2475 1820 2769 1887 poterant.

566 1904 836 1966 ¹⁶1ndieit
850 1906 905 1964 in
930 1905 1044 1964 hoc
1066 1916 1295 1983 tempus
1335 1906 1928 1979 senatusconsultum,
1949 1908 2137 1984 prima
2159 1926 2387 1984 aequum
2410 1905 2619 1977 fronte,
2639 1926 2771 1967 vere

565 2013 759 2064 autem
780 2004 1062 2081 iniquum,
1077 2002 1296 2063 utduae
1313 2002 1572 2081 quidem,
1590 2022 1702 2063 una
1724 2004 1949 2063 scilicet
1968 2026 2039 2064 ex
2056 2004 2350 2084 Pompeji,
2364 2004 2545 2064 altera
2564 2005 2778 2065 exCae-

565 2100 700 2161 araris
716 2100 1043 2178 legionibus
1066 2099 1141 2159 ad
1174 2098 1388 2159 bellum
1407 2100 1748 2160 Parthicum
1770 2101 2168 2168 mitterentur:
2188 2120 2261 2161 en
2286 2104 2342 2161 in
2365 2102 2554 2161 verbis
2575 2120 2774 2180 tequa-

562 2199 720 2259 litas:
749 2218 889 2256 ecce
908 2206 1101 2257 autem
1132 2196 1188 2255 in
1220 2197 1394 2257 rebus
1419 2198 1720 2274 iniquitas:
1766 2197 2052 2275 siquidem
2075 2218 2213 2257 cum
2250 2199 2561 2276 pompejus
2593 2218 2767 2260 unam

563 2315 598 2355 e
643 2296 759 2356 suis
795 2294 1014 2374 quibus
1057 2293 1182 2371 ipse
1225 2304 1494 2372 praeerat,
1538 2294 1814 2355 amicitiae
1854 2294 1996 2371 jure
2026 2292 2323 2354 ¹⁷Coesaris
2362 2296 2775 2369 concessisset,

560 2392 722 2451 illam
751 2391 907 2451 bello
954 2391 1229 2451 Parthico
1257 2389 1573 2452 destinavit
1622 2391 1804 2451 verbo
1830 2411 1948 2451 non
1977 2392 2193 2464 animo,
2220 2411 2469 2472 eamque
2496 2393 2771 2473 repetiit:

562 2509 691 2550 eam
722 2491 916 2552 Caesar
942 2488 1179 2560 remisit,
1208 2501 1267 2550 et
1317 2512 1351 2549 e
1405 2491 1525 2550 suis
1574 2490 1734 2551 misit
1779 2511 1986 2552 unam:
2043 2491 2126 2552 ita
2179 2492 2531 2571 Pompejum
2588 2493 2768 2564 nulla,

564 2587 854 2648 Cassarem
883 2606 1021 2645 vero
1049 2584 1282 2646 duabus
1311 2586 1643 2664 legionibus
1672 2587 1984 2658 minutum,
2014 2607 2186 2648 nemo
2229 2587 2341 2648 fuit
2383 2589 2488 2668 qui
2520 2609 2641 2648 non
2686 2591 2772 2649 in-

563 2683 882 2762 telligerem
934 2682 1068 2742 tulit
1097 2693 1315 2755 tamen,
1342 2684 1487 2762 quin
1515 2684 1693 2744 etiam
1749 2703 1885 2744 cum
1922 2684 2264 2746 adversariis
2301 2685 2519 2764 pacisci
2561 2685 2769 2758 voluit,

568 2792 635 2843 ut
688 2781 1039 2859 transalpina
1083 2781 1285 2842 Gallia
1330 2791 1386 2842 et
1435 2782 1715 2841 llliricum
1744 2802 1875 2842 cum
1905 2784 2135 2843 duabus
2166 2793 2391 2844 tantum
2414 2784 2771 2863 legionibus,

563 2889 626 2939 et
651 2897 861 2938 nomen
903 2877 1130 2955 imperii
1160 2878 1556 2936 ¹⁸remaneret.
1644 2877 1917 2956 Denique
1959 2899 2218 2959 eousque
2262 2880 2535 2939 submisit
2576 2881 2773 2942 excel·

564 2995 692 3035 snm
733 2973 1010 3044 animum,
1039 2981 1103 3032 ut
1159 2971 1260 3051 qui
1302 2974 1593 3032 Caesarem
1623 2991 1742 3032 non
1784 2983 1997 3045 nosset,
2056 2975 2339 3055 suspicari
2386 2996 2524 3036 eum
2570 2986 2774 3053 posset

568 3070 706 3130 belli
737 3080 892 3129 metu
919 3069 994 3128 ad
1045 3069 1155 3128 ista
1178 3067 1573 3130 descendere:
1601 3090 1722 3147 quo
1752 3070 1893 3130 nihil
1919 3082 2044 3132 erat
2071 3073 2147 3132 ab
2189 3073 2340 3132 illius
2372 3072 2476 3132 viri
2505 3074 2770 3134 mofibns

566 3186 638 3226 ac
685 3176 882 3226 mente
926 3165 1228 3226 remotius:
1273 3165 1376 3224 sed
1433 3176 1659 3225 tantum
1692 3165 1772 3224 illi
1815 3167 2068 3228 studium
2119 3167 2253 3240 fuit,
2291 3168 2379 3228 vel
2422 3170 2775 3232 exet-nenda

566 3263 656 3324 vel
686 3262 1032 3324 simulanda:
1062 3262 1397 3333 modestiae:
1432 3274 1496 3324 ut
1532 3263 1727 3341 ¹⁹quid
1751 3264 1854 3341 jus
1884 3264 2050 3324 vider
2071 3266 2267 3343 potius
2299 3264 2556 3345 eligeret,
2588 3287 2773 3346 quan

566 3362 819 3440 pufflicae
847 3360 1278 3440 tranquillitatis
1313 3380 1565 3420 eversor.
1648 3363 1893 3420 Ateum
1938 3362 2265 3422 obstinatos
2308 3363 2387 3423 ad
2438 3365 2772 3441 negandum

566 3461 624 3491 ¹0
647 3479 903 3529 cernere,
933 3467 1198 3518 senatum
1229 3457 1340 3517 sibi
1367 3457 1696 3528 adversum,
1728 3468 1787 3518 et
1816 3477 1848 3516 e
1871 3457 1989 3518 suis
2020 3456 2265 3518 inimicis
2284 3458 2625 3537 designatos
2640 3460 2777 3538 ,iam

568 3556 842 3617 consules
887 3556 1153 3624 audiret:
1201 3554 1464 3615 tribunos
1516 3556 1618 3631 qui
1667 3554 1779 3615 sibi
1808 3554 2053 3616 aderaut
2082 3557 2223 3616 nibil
2264 3576 2461 3635 posse,
2489 3557 2611 3618 imo
2642 3560 2775 3638 qui-

565 3654 702 3714 dem
735 3663 975 3730 propter
1001 3673 1066 3711 se
1094 3652 1355 3730 periculo
1382 3663 1562 3732 atque
1604 3652 1747 3713 odio
1790 3652 2123 3730 expositos:
2154 3653 2326 3732 [178]
2356 3674 2475 3714 nou
2516 3656 2774 3735 amplius

568 3748 955 3810 differendum
983 3763 1164 3822 ratus,
1211 3772 1284 3811 ne
1313 3763 1414 3812 aut
1455 3752 1545 3811 sui
1586 3745 2065 3829 periclitarentur,
2095 3762 2197 3812 aut
2226 3753 2348 3830 ipse
2392 3757 2773 3818 cunctatione

566 3847 897 3916 vilesceret:
949 3849 1247 3927 dispositis
1293 3870 1451 3909 more
1504 3851 1680 3909 solito
1730 3869 1835 3928 per
1881 3850 2125 3910 hiberna
2165 3850 2515 3929 legionibus,
2561 3854 2771 3914 ultimo

570 3946 812 4006 transitu
841 3967 913 4005 ex
943 3947 1156 4007 Galliis
1177 3947 1233 4005 in
1266 3944 1489 4006 ltaliam
1522 3946 1727 4006 rediit:
1773 3967 1894 4025 quo
1923 3967 2062 4008 cusa
2087 3948 2333 4008 venisset
2364 3949 2584 4010 invenit
2622 3952 2769 4013 duas

568 4043 692 4103 illas
721 4043 974 4123 legiones
1003 4045 1113 4103 sub
1142 4045 1389 4104 obtentu
1418 4044 1560 4103 belli
1593 4044 1845 4103 Parthici
1872 4044 1980 4103 sibi
2009 4057 2261 4123 ereptas,
2308 4066 2498 4124 neque
2541 4048 2617 4108 ad
2651 4049 2770 4110 bel-

633 4209 694 4254 15
728 4206 907 4268 Forte,
927 4208 1237 4257 eudem—16
1268 4208 1427 4272 Lege,
1444 4208 1827 4258 Indicium-l?
1865 4209 2025 4274 Lege,
2046 4207 2381 4260 ceant—18
2403 4207 2577 4275 Adde,
2594 4209 2769 4262 asti.—

570 4287 636 4337 ta
667 4286 830 4352 Lege,
848 4288 1349 4352 quidvisvidoeie-sst)
1383 4290 1543 4355 Lege,
1572 4294 1800 4341 comer.
