3017 4925
525 400 703 470 1886
1182 419 1247 469 a„
1284 416 1499 467 censi
1547 412 2082 468 continuum

524 550 649 626 rus,
677 551 832 615 haud
862 568 1159 635 quaquam
1198 551 1333 631 pari
1373 550 1640 619 amicitia
1663 550 2078 632 'dignen-entur.
2155 554 2350 616 Stulta
2375 573 2464 615 res
2493 571 2737 632 prorsus

526 660 587 710 et
618 650 817 729 inepta
857 668 995 710 cum
1024 649 1258 710 Caesare
1304 648 1471 709 ilium
1523 648 1674 709 velle
1720 648 2098 722 contendere,
2143 650 2247 731 qui
2271 662 2513 731 ,pareret
2538 651 2735 712 anae.

523 749 657 809 Jnm
685 745 920 808 fortuna
958 746 1232 826 reliquias
1271 747 1766 826 Pompeianarum
1807 749 2064 827 partium
2092 749 2320 828 campis
2348 748 2742 829 explicuerat,

528 855 594 907 ut
621 866 717 905 eas
748 844 948 905 ultima
989 843 1141 905 falce
1170 845 1504 906 demeteret.
1592 847 1724 907 Hoc
1761 854 2027 927 tempore
2074 847 2242 907 multi
2279 847 2442 908 suere
2486 847 2736 907 insultus

524 943 850 1005 Labieni-et
870 942 1093 1003 Afranii
1121 961 1237 1002 non
1258 944 1383 1003 sine
1400 942 1706 1022 periculo:
1741 946 1921 1005 multa
1947 945 2198 1006 Caesaris
2216 943 2530 1023 vigilantia,
2547 943 2742 1023 jugis-

527 1062 646 1122 que
674 1040 1016 1103 sollicitudo
1036 1040 1095 1100 in
1125 1037 1402 1100 docendo
1429 1040 1876 1102 40munitissima
1893 1062 2134 1122 quoque
2164 1041 2407 1115 militiae,
2433 1051 2494 1101 et
2522 1041 2738 1102 milites

440 1162 445 1168 ·
524 1140 703 1201 etism
725 1149 1052 1213 veteranos,
1092 1148 1152 1199 et
1178 1138 1352 1199 rebus
1382 1135 1647 1197 maximis
1676 1139 2114 1218 comprobatos,
2143 1159 2261 1200 non
2289 1140 2459 1219 quusi
2493 1140 2739 1218 impetn*

524 1247 637 1310 tor,
662 1236 768 1298 sed
806 1238 978 1318 quasi
1007 1237 1282 1318 magister
1309 1235 1434 1295 ludi
1455 1254 1777 1316 armorum,
1806 1257 2057 1316 quorum
2089 1238 2362 1317 magister
2388 1256 2526 1297 vere
2551 1235 2739 1296 omni-

526 1355 625 1399 um
664 1355 925 1398 summus
961 1335 1091 1397 suit,
1173 1333 1547 1395 Sollicitabat
1593 1335 1748 1396 enim
1791 1335 1921 1414 ejus
1975 1335 2233 1396 animum
2276 1354 2515 1396 suorum
2553 1343 2738 1413 atque

524 1433 776 1495 hostium
803 1434 1101 1496 conditio:
1146 1434 1433 1501 timebant
1453 1434 1608 1495 enim
1635 1437 1863 1514 equites
1889 1453 2144 1513 pugnam
2159 1433 2213 1467 ⁴¹
2220 1452 2406 1511 prope
2445 1450 2738 1510 equorum

510 1531 832 1608 jacturam,
861 1553 1010 1612 quos
1039 1534 1233 1595 hostes
1254 1534 1480 1614 sagittis
1512 1532 1901 1595 occidebant:
1934 1542 1995 1594 et
2013 1531 2253 1611 pedites
2281 1550 2442 1590 more
2465 1532 2738 1591 Romano

520 1628 745 1701 armati,
775 1638 837 1690 et
861 1648 1155 1690 armorum
1184 1628 1337 1691 mole
1362 1631 1730 1711 praegravati,
1774 1630 1918 1690 levis
1939 1640 2258 1690 armatura:
2287 1628 2539 1688 hostium
2585 1628 2744 1687 velo-

523 1725 702 1787 citate
748 1726 1171 1805 fatigabantur:
1216 1726 1582 1789 timebantur
1627 1728 1807 1789 etiam
1836 1729 2178 1807 elephantes
2210 1736 2326 1786 tam
2352 1745 2388 1785 a
2413 1724 2736 1805 peditibus,

522 1843 596 1882 ne
625 1823 1124 1901 proculcarentur,
1154 1845 1332 1904 quam
1361 1826 1440 1886 ab
1461 1827 1788 1906 equitibus,
1811 1826 1973 1905 quod
2004 1844 2206 1885 eorum
2228 1823 2535 1885 stridorem
2554 1832 2739 1907 atque

524 1919 763 1980 odorem
790 1920 1086 1982 insolitum
1114 1923 1251 2002 equi
1272 1925 1621 1985 horrebant:
1665 1925 1767 1986 sed
1798 1924 1938 1986 huic
1968 1923 2117 2003 parti
2135 1919 2456 1983 remedium
2483 1920 2740 1980 adbibu-

518 2028 644 2079 erat
684 2017 1036 2079 adducendo
1071 2020 1416 2098 elephantes
1463 2023 1524 2082 in
1575 2032 1783 2094 eastra,
1813 2022 2169 2102 et'aliquos
2211 2022 2268 2081 in
2313 2018 2547 2080 Italiam
2603 2018 2737 2079 mit*

520 2114 700 2175 tendo
740 2114 819 2176 ad
848 2114 1239 2179 eruditionem
1267 2138 1556 2180 novorum
1584 2120 1964 2192 exercituum,
1996 2129 2061 2180 ut
2101 2130 2160 2180 et
2189 2116 2422 2197 pedites
2448 2117 2741 2177 discerent

517 2211 752 2277 ubinam
781 2212 989 2273 amati
1015 2211 1192 2276 etiam
1234 2217 1528 2278 vulnerari
1565 2225 1829 2297 possent,
1857 2227 1916 2278 et
1963 2217 2101 2296 equi
2120 2213 2524 2277 “honorificae
2547 2213 2738 2274 belna:

518 2320 935 2385 assuescerent,
963 2323 1025 2374 et
1064 2314 1299 2376 horrere
1327 2315 1698 2377 desinerent:
1741 2326 1924 2396 atque
1951 2317 2034 2377 ita
2059 2315 2341 2378 effectum
2369 2324 2481 2386 est,
2525 2324 2594 2374 ut
2621 2312 2740 2374 fot-⁴

516 2407 795 2470 midabile
837 2411 1055 2474 animal
1093 2413 1362 2477 manibus
1390 2423 1819 2495 pertractatum
1873 2415 2142 2495 interque
2188 2433 2375 2495 equos
2416 2420 2736 2482 versatum,

514 2516 831 2585 prospecta
877 2530 983 2570 sua
1029 2510 1306 2573 tarditate
1348 2513 1672 2575 vilesceret.
1758 2511 1914 2574 illud
1952 2531 2192 2592 quoque
2247 2508 2740 2590 providentissimi

511 2601 677 2664 ducis
699 2606 954 2686 augebat
979 2627 1203 2681 curam,
1222 2608 1396 2689 [236]
1424 2610 1587 2689 quod
1619 2609 2065 2670 insidiosissime
2093 2628 2230 2669 curn
2262 2628 2397 2687 rege
2423 2627 2548 2667 rem
2571 2625 2739 2686 gere-

517 2701 641 2775 bat,
671 2712 939 2763 assuetus
972 2703 1252 2767 dimicare
1280 2727 1414 2766 cum
1444 2706 1659 2778 Gallis,
1694 2706 1907 2786 apertis
1937 2706 2285 2778 hominibus,
2312 2714 2373 2766 et
2390 2705 2736 2765 insidiarum

512 2800 745 2872 nesciis,
777 2821 893 2862 non
927 2801 1233 2863 fraudibus
1262 2803 1364 2863 sed
1394 2803 1609 2864 virtute
1641 2793 2037 2866 belfnntibus:
2080 2804 2324 2866 timebat
2367 2822 2441 2863 ne
2481 2802 2734 2864 militum

517 2915 776 2969 suorum,
809 2918 1061 2977 quorum
1090 2898 1286 2960 virtuti
1315 2901 1455 2960 satis
1494 2899 1744 2974 fidebat,
1785 2902 2238 2982 circumspectio
2282 2910 2489 2963 contra
2537 2899 2740 2961 insoli-

515 3002 637 3054 tum
682 3013 868 3073 genus
911 2993 1094 3055 bostis
1134 3015 1256 3055 non
1303 2996 1635 3058 sufficeret:
1682 2997 1936 3077 ideoque
1978 2998 2225 3061 cottidie
2244 2997 2405 3078 ⁴³per
2430 3000 2740 3077 experien-

514 3090 653 3151 tiam
712 3090 1215 3166 circumducebat,
1273 3103 1342 3153 ut
1395 3093 1694 3157 discerent
1747 3096 2005 3158 hostium
2063 3116 2253 3158 mores
2307 3115 2496 3169 nosse,
2556 3115 2732 3175 quam

514 3186 724 3248 diversi
743 3198 937 3250 essent
964 3190 1042 3250 ab
1071 3189 1327 3270 antiquis
1350 3192 1656 3255 hostibus:
1690 3194 1985 3257 discerent
2004 3215 2235 3275 semper
2258 3193 2495 3255 intentis
2525 3193 2733 3271 animis

515 3305 664 3358 esse,
705 3288 901 3349 omnia
929 3289 1384 3369 circumspicere
1411 3300 1475 3352 et
1512 3312 1762 3353 cavere.‘
1824 3294 1949 3353 Has
1979 3293 2130 3355 inter
2157 3292 2327 3354 ducis
2351 3311 2526 3352 curas
2555 3301 2734 3371 atque

516 3385 794 3447 exercitia
832 3385 964 3464 jam
995 3407 1283 3469 suprema:
1324 3409 1542 3469 pugna:
1569 3400 1801 3470 ternpus
1840 3391 2393 3471 appropinquabat:
2433 3400 2497 3450 et
2547 3391 2735 3468 primo

513 3481 753 3561 quidem
778 3482 980 3544 Caesar
998 3485 1321 3546 exercitum
1346 3486 1654 3567 diligenter
1676 3489 2024 3549 instructum
2046 3507 2218 3549 secus
2250 3487 2502 3549 hostium
2540 3477 2735 3548 castra

513 3579 776 3653 deduxit,
806 3590 868 3642 et
897 3602 1072 3660 oequo
1100 3583 1157 3643 in
1188 3585 1323 3644 ioco
1351 3585 1635 3645 ordinatis
1664 3586 1922 3658 aciebus,
1967 3586 2101 3646 ilios
2129 3587 2202 3646 nd
2237 3584 2506 3665 proelium
2528 3584 2736 3645 invita·

516 3678 637 3748 bat,
668 3677 1081 3757 “expectabat
1105 3679 1182 3741 ad
1212 3701 1312 3742 eos
1339 3703 1523 3764 usque
1561 3684 1634 3744 ad
1681 3704 2012 3764 vesperam:
2047 3683 2147 3744 ubi
2174 3684 2304 3743 illos
2348 3683 2507 3743 videt
2555 3681 2731 3762 perti-

514 3772 737 3833 naciter
764 3794 1055 3846 recusare,
1086 3777 1196 3837 snb
1225 3789 1463 3839 noctem
1505 3781 1566 3839 in
1615 3791 1807 3841 castra
1847 3781 2173 3842 revertitur.
2260 3780 2594 3841 Discedens
2639 3796 2736 3839 eu·

514 3883 652 3944 tem,
679 3872 1001 3933 insectante
1027 3872 1219 3934 ⁴5cum
1252 3876 1533 3948 Labieno,
1561 3877 1766 3956 fugato
1789 3888 2006 3951 tamen,
2038 3898 2146 3940 nec
2185 3879 2415 3958 insequi
2442 3878 2728 3939 desisten-

511 3981 591 4042 te,
623 3969 894 4049 improbo
917 3970 1159 4050 quidem
1186 3973 1489 4055 transfuga
1517 3985 1578 4036 et
1604 3975 1796 4038 malo:
1845 3978 2038 4039 hostes
2073 3976 2205 4056 jam
2245 3974 2386 4036 inde
2413 3975 2725 4055 digressos,

571 4204 637 4250 4⁰
670 4200 847 4264 Forte,
866 4201 1187 4253 mnam
1221 4219 1411 4267 queque
1442 4204 1781 4256 militiae-41
1819 4205 1981 4270 Lege,
2013 4208 2359 4270 neptem—⁴2
2391 4205 2552 4271 Lege,
2574 4205 2721 4256 horu-i·

491 4281 756 4347 ,flam—4⁸
793 4281 963 4344 Adde,
982 4289 1209 4336 eoa—44
1244 4286 1403 4352 Lege,
1425 4288 1789 4352 &pectebatque
1810 4293 2036 4372 eoae-46
2064 4289 2243 4350 Forte,
2264 4302 2390 4339 eun.
