3017 4925
487 410 671 479 -1846
1145 424 1204 475 ³.
1250 423 1462 474 canor
1519 418 2079 473 conanum

484 579 872 661 jactationem
921 577 1312 657 compositam
1355 572 1880 637 ‘’Floms'fflcat:
1924 573 2137 637 ‘Miles
2160 591 2347 653 parce
2384 572 2514 652 jam
2560 573 2712 643 ciui·

496 679 659 740 bus:'
700 677 794 737 illa
815 676 968 736 enim
1001 676 1229 735 vincere
1262 674 1600 754 satagentis,
1629 674 1759 735 boc
1788 673 2072 739 vincentis
2100 690 2201 733 seu
2220 673 2351 750 jam
2378 671 2624 735 uictori·
2646 678 2711 733 d

494 776 817 838 miserantis
847 794 960 834 vox
991 772 1129 833 fuit:
1172 773 1272 833 illa
1298 772 1355 832 in
1381 772 1583 843 medio
1630 771 1897 850 “proelio
1943 771 2185 842 andere:
2232 773 2343 830 bac
2383 769 2512 848 jun
2538 769 2711 831 vieti·

492 875 641 938 etin
667 875 866 949 fingam
897 872 1075 932 versis
1107 872 1375 933 hostibus
1407 892 1549 931 usus
1577 881 1696 932 est:
1741 871 1860 931 illae
1904 870 2079 932 etiam
2115 870 2233 949 piae
2281 868 2417 928 voci
2461 884 2712 928 conse*

492 984 701 1035 tanens
728 982 897 1032 actus
925 971 1055 1042 fuit,
1087 971 1249 1050 quod
1279 971 1522 1031 cuilibet
1552 990 1789 1031 suorum
1820 969 1920 1029 uni
1950 968 2211 1030 bostium
2238 984 2415 1046 quiam
2442 974 2712 1045 optasset

493 1071 673 1134 vitum
702 1071 842 1131 dare
872 1070 1157 1149 permisit:
1203 1090 1312 1131 nec
1342 1072 1537 1130 miuus
1574 1070 1691 1141 ille,
1722 1070 1887 1148 quod
1919 1068 1976 1127 in
2005 1077 2173 1128 tanto
2198 1064 2711 1129 conflictum-nm

493 1172 759 1232 inventus
783 1180 872 1231 est
901 1170 1012 1231 nisi
1040 1180 1297 1232 armatus
1323 1172 1381 1231 in
1432 1171 1557 1231 acie
1587 1170 1895 1231 cecidisse.
1978 1164 2303 1246 Pompe-<ius
2330 1163 2607 1225 turbatus
2632 1180 2709 1223 κ

494 1270 727 1334 territus
756 1293 992 1334 suorum
1024 1273 1348 1342 ordinibus,
1388 1282 1571 1334 tantm
1614 1275 1797 1333 ruinae
1837 1271 2052 1330 molem
2100 1286 2215 1326 nec
2238 1262 2713 1324 sufferam-lam

491 1388 605 1433 nec
630 1373 929 1443 attolles-eg
972 1373 1194 1451 abjecit
1221 1368 1458 1451 pondus
1486 1375 1732 1457 imperii,
1752 1394 1938 1456 seque
1965 1370 2125 1449 fugae
2150 1366 2414 1441 tradidit,
2443 1384 2567 1428 m
2586 1373 2710 1424 tun

492 1474 681 1535 vivere
709 1477 971 1555 cupiens,
996 1498 1172 1557 quam
1204 1486 1469 1537 metuens
1497 1478 1668 1548 mori,
1696 1475 1872 1555 [209]
1900 1492 1972 1533 ne
2003 1492 2200 1533 secum
2230 1481 2392 1531 totus
2419 1464 2715 1529 exercitus

493 1578 842 1637 moreretur:
891 1597 1010 1656 quo
1039 1577 1339 1644 submoto,
1367 1576 1495 1635 ⁸⁵ne
1523 1575 1775 1654 amplius
1804 1575 1859 1633 in
1888 1573 2014 1633 acie
2045 1574 2241 1632 stetit:
2282 1570 2712 1629 documentum

490 1672 716 1751 ingens,
749 1695 864 1737 non
917 1696 1149 1757 semper
1189 1677 1457 1756 proelium
1505 1697 1631 1737 esse
1673 1674 2008 1735 victoriam:
2053 1691 2186 1732 cum
2231 1678 2300 1728 ut
2341 1667 2505 1747 apud
2533 1665 2718 1745 scn‘p-

495 1783 646 1833 tores
678 1784 929 1847 constat,
980 1775 1060 1835 nil
1109 1771 1434 1854 ⁸6Pompeji
1484 1775 1674 1854 magni
1720 1792 1897 1853 quam
1940 1788 2179 1831 suorum
2225 1767 2487 1826 nocuerit
2516 1762 2717 1825 multi-

493 1870 671 1930 tudo:
715 1892 831 1931 non
861 1872 1051 1932 minus
1076 1883 1268 1933 tamen
1301 1873 1553 1934 arbitror
1587 1872 1793 1933 nocuit
1820 1870 2106 1950 indigesta
2136 1868 2405 1938 varietaS,
2438 1884 2575 1943 quae
2603 1882 2716 1943 per

491 1970 670 2030 ‘umun
702 1971 931 2031 fraenari
960 1982 1018 2032 et
1059 1974 1179 2051 regi
1209 1972 1363 2033 n'ulla
1393 1974 1591 2052 potuit
1620 1972 1874 2033 ratione:
1920 1970 2050 2030 haec
2076 1965 2531 2027 Thessalianicae
2558 1982 2716 2043 pug-

492 2089 584 2128 nae
612 2066 744 2128 finis
767 2068 897 2142 fuit,
928 2080 995 2132 ut
1021 2071 1198 2131 etiam
1229 2082 1288 2131 et
1315 2071 1606 2151 Pompe-ji,
1636 2092 1708 2131 ne
1736 2071 1792 2130 in
1825 2088 1991 2129 suum
2022 2065 2287 2126 ‘dedecus
2314 2080 2543 2143 paucos
2571 2061 2715 2122 vitm

491 2164 618 2226 dies
664 2162 934 2246 ⁸⁷egerat,
980 2162 1334 2248 longamque
1381 2169 1624 2250 gloriam
1664 2168 1828 2228 brevi
1870 2167 2058 2246 spatio
2086 2164 2501 2224 dehonestaret
2526 2168 2712 2240 atque

492 2258 810 2343 pollueret:
858 2265 958 2325 sed
991 2266 1076 2325 sic
1106 2266 1355 2327 ”essent
1383 2288 1473 2327 res
1505 2267 1805 2328 humanae:
1850 2264 1936 2325 nil
1979 2272 2099 2324 tam
2145 2261 2332 2321 altum
2381 2256 2544 2338 quod
2590 2276 2713 2317 non

491 2360 750 2440 ⁸⁹posset
780 2360 1043 2443 deprimi,
1089 2365 1168 2425 nil
1219 2375 1334 2426 tam
1367 2365 1592 2426 clarum
1622 2364 1783 2446 quod
1814 2384 1928 2424 non
1960 2362 2153 2423 valeat
2180 2355 2503 2420 obscurari.
2590 2355 2720 2416 Itu-

493 2477 609 2541 que
667 2454 1030 2542 tempestiva
1065 2473 1246 2525 morte
1297 2464 1442 2524 nihil
1491 2464 1732 2525 melius:
1780 2461 1882 2524 sed
1931 2458 2006 2521 de
2054 2458 2166 2519 hac
2215 2466 2442 2537 postea.
2525 2452 2711 2514 Nune.

489 2568 748 2618 revertor
787 2560 862 2620 ad
908 2560 1231 2621 Caesarem:
1278 2570 1448 2642 parta
1496 2571 1559 2621 nt
1605 2561 1824 2622 dictum
1854 2569 1941 2620 est
1969 2556 2229 2629 victoria,
2260 2573 2395 2615 cum
2423 2560 2484 2613 et
2511 2552 2717 2612 (ζων

489 2653 685 2716 castra
737 2657 993 2719 hostium
1044 2660 1293 2740 cepisset
1335 2669 1396 2719 et
1448 2658 1799 2739 Pompejani
1854 2656 2036 2735 aliqui
2091 2654 2152 2714 in
2205 2660 2463 2713 montem
2509 2647 2716 2709 castris

489 2749 822 2832 proximum
851 2756 1212 2837 effugissent,
1245 2757 1509 2818 studiose
1536 2758 1658 2836 egit
1705 2776 1841 2817 cum
1891 2752 2195 2826 militibus,
2225 2769 2299 2812 ne
2339 2750 2399 2809 in
2442 2747 2709 2829 praedam

487 2850 693 2911 intenti
720 2861 949 2932 tempus
977 2855 1096 2914 labi
1126 2854 1398 2926 sinerent,
1431 2875 1553 2935 quo
1601 2853 1792 2932 major
1830 2852 2219 2933 negligeretur
2257 2846 2512 2919 occasio,
2543 2842 2709 2927 quod

488 2965 619 3007 cum
650 2948 1116 3023 ”obtinuissenn
1147 2961 1404 3012 montem
1437 2951 1877 3012 circumvallare
1903 2946 2224 3030 disposuit:
2267 2947 2467 3007 hostes
2495 2942 2707 3015 monti,

489 3044 652 3125 quod
701 3045 1022 3125 inaquosus
1068 3058 1212 3121 erat,
1243 3048 1596 3122 diffidentes,
1640 3049 1891 3112 ⁹¹abire:
1938 3046 2098 3129 quod
2140 3046 2336 3107 emsar
2375 3041 2711 3122 intelligens

487 3141 767 3203 trifariam
790 3145 1040 3224 partitus
1069 3155 1161 3206 est
1186 3146 1409 3227 copias,
1441 3157 1508 3208 ut
1535 3166 1672 3226 pars
1699 3144 1757 3205 in
1789 3146 1921 3218 suis,
1951 3163 2087 3224 pars
2114 3142 2173 3204 in
2195 3139 2469 3221 Pompeji
2497 3139 2709 3201 castris

488 3237 566 3299 ad
596 3241 925 3302 custodiam
955 3237 1256 3317 resideret,
1287 3265 1421 3324 pars
1452 3243 1782 3326 expeditior
1809 3264 2009 3305 secum
2038 3241 2147 3303 iret
2174 3240 2248 3303 ad
2282 3242 2481 3301 hostes
2511 3257 2712 3318 prose-

489 3335 797 3417 qhendos:
842 3361 991 3420 quos
1036 3363 1173 3403 cum
1219 3363 1336 3404 non
1382 3343 1564 3424 longo
1613 3343 1937 3404 ⁹²discursu
1987 3342 2181 3422 spatio
2226 3359 2415 3419 prope
2462 3345 2617 3399 esset
2646 3344 2713 3396 ut

487 3438 818 3516 attingeret,
848 3439 931 3500 illi
963 3440 1019 3499 in
1051 3449 1311 3502 montem
1341 3442 1523 3502 alium
1571 3440 2065 3513 conscenderunt,
2114 3438 2299 3514 cnjus·
2336 3436 2410 3498 ad
2438 3435 2705 3499 radicem

487 3530 699 3596 fluvius
727 3537 1054 3609 labebatur.
1141 3539 1340 3601 Caesar
1384 3539 1506 3600 illic
1547 3557 1646 3600 eos
1676 3538 1931 3612 obsedit,
1958 3556 2030 3598 ac
2079 3535 2384 3606 militibus,
2434 3531 2709 3613 quamvis

486 3627 703 3691 diurno
731 3631 935 3695 labore
964 3633 1237 3715 fatigatis,
1269 3648 1328 3697 et
1354 3635 1646 3698 lassitudo
1681 3636 1964 3717 requiem,
2011 3642 2072 3695 et
2112 3653 2233 3694 nox
2281 3631 2551 3712 proxima
2579 3631 2713 3692 sna’·

488 3726 691 3800 deret:
737 3732 1025 3809 persuasit
1055 3743 1248 3793 tamen
1298 3743 1365 3794 ut
1399 3733 1614 3814 quietis
1654 3733 2024 3794 immemores
2071 3750 2290 3792 novum
2338 3725 2709 3810 susciperent

486 3817 769 3898 laborem,
816 3839 876 3888 et
899 3829 1328 3890 munitionibus
1378 3828 1966 3911 interjectis.flumen
1993 3845 2031 3889 a
2071 3835 2274 3891 monte
2316 3821 2706 3899 secernerent,

489 3944 611 4002 quo
669 3935 960 3987 nocturna
1009 3928 1222 3988 clausis
1278 3928 1691 4007 praeriperetur
1742 3925 2026 4008 aquatioz
2073 3923 2232 4004 quod
2293 3943 2430 3983 cum
2484 3922 2704 3984 factum

487 4032 655 4095 esset,
663 4021 864 4085 'territi
888 4023 1249 4086 deditionem
1272 4045 1383 4106 per
1408 4026 1646 4086 nuntios
1674 4025 1916 4106 petiere,
1944 4021 2225 4103 ”aliquid
2253 4009 2527 4081 senatorii
2555 4011 2708 4118 or'di·

553 4194 620 4243 88
654 4193 1172 4259 Lege‚F10m.—sa
1215 4197 1376 4262 Lege,
1416 4197 1728 4263 proelia-85
1762 4195 1924 4260 Lege,
1963 4196 2246 4248 nemo-*86
2279 4187 2442 4256 Ῑιθέῦ»
2487 4185 2705 4258 W

479 4287 673 4337 nmo.
675 4280 805 4327 -87
838 4277 1016 4341 Forte,
1033 4282 1217 4342 ageret.
1222 4283 1349 4330 —88
1382 4281 1565 4344 Forte,
1590 4283 1855 4330 transeunt.
1857 4282 1988 4329 -89
2022 4278 2182 4341 Lege,
2209 4273 2378 4340 possit
2380 4273 2512 4322 -90
2546 4271 2705 4336 Lege»

487 4355 777 4411 obtinuisset.
781 4362 902 4410 -91
940 4359 1099 4425 Lege,
1121 4359 1424 4414 πωπω-92
1459 4363 1623 4427 Lege,
1643 4361 1897 4414 discursus.
1899 4363 2027 4411 -93
2062 4361 2242 4423 Forte,
2262 4352 2516 4421 aliquibus.
2674 4363 2685 4376 ¹
