3017 4925
1024 465 1092 516 o.
1134 464 1339 517 sur-n
1384 462 1744 516 caenis.
2315 445 2492 521 2⁰83

289 601 440 668 1571
482 597 899 666 Commentari·
927 597 988 660 di
1029 600 1176 661 Caio
1222 600 1426 663 Giulio
1468 601 1700 663 Cenare.
1781 598 2061 662 Tndotti
2084 597 2164 660 de
2191 600 2282 661 Μ.
2312 599 2491 662 Fran-

365 716 543 758 coeco
572 698 838 759 Baldelli.
922 698 975 758 E
1000 697 1078 758 da
1105 699 1187 759 lui
1215 709 1601 762 nuovamente
1640 697 1894 760 riveduti
1940 718 1976 758 e
2021 696 2277 758 cori-etti.
2357 697 2492 759 Con

357 791 572 873 figure,
599 800 719 856 διο.
789 797 859 856 111
888 796 1151 877 Vinegia,
1179 817 1465 878 appresso
1493 797 1739 859 Gabriel
1768 794 1996 857 Giolito
2023 794 2088 855 di
2115 793 2356 856 Fert-ari.
2391 802 2489 860 12.

289 895 444 960 1572
488 891 729 966 Eadem,
760 893 905 955 ibid.
936 912 1037 974 ap.
1067 896 1340 959 eundem.
1375 903 1471 957 12.

288 993 442 1056 1573
487 988 958 1062 lCommentari,
985 994 1107 1053 dcc.
1152 990 1400 1052 tradotti
1442 996 1828 1052 nuovamente
1872 987 1937 1048 di
1984 986 2166 1049 latino
2195 986 2256 1048 in
2296 987 2496 1068 lingua

360 1084 642 1144 Toscana
685 1085 763 1147 da
814 1087 903 1146 M.
952 1083 1280 1148 Francesco
1327 1085 1597 1150 Baldelli.
1682 1087 1812 1146 Con
1854 1085 1908 1145 le
1949 1082 2157 1165 figure,
2207 1091 2267 1145 et
2292 1104 2409 1145 con
2434 1085 2497 1146 la

362 1180 599 1241 Tavola
626 1181 778 1243 delle
804 1182 1059 1255 materie,
1088 1205 1122 1244 e
1150 1184 1270 1244 de
1254 1204 1272 1243 1
1300 1185 1459 1245 nomi
1496 1183 1653 1243 delle
1693 1181 1837 1243 citta
1865 1181 2022 1242 che
2005 1202 2067 1241 m
2095 1181 2286 1261 questi
2311 1182 2497 1242 Com·

363 1277 615 1338 mentari
642 1277 690 1337 si
717 1279 987 1359 leggono,
1018 1279 1257 1340 Anticbi
1284 1301 1319 1340 e
1347 1279 1634 1341 moderni.
1717 1281 1787 1341 In
1813 1278 2079 1352 Venetia,
2106 1299 2305 1360 presso
2331 1280 2496 1340 Enea

367 1372 446 1432 de
473 1372 685 1434 Alaris.
717 1382 774 1435 8.

289 1475 448 1540 1575
492 1470 523 1529 1
550 1470 947 1532 Commentari
987 1470 1051 1531 di
1093 1472 1165 1531 C.
1197 1471 1401 1531 Giulio
1429 1471 1663 1544 cesare,
1708 1491 1823 1532 con
1847 1472 1905 1532 le
1934 1471 2161 1552 figure
2145 1492 2206 1532 in
2231 1490 2391 1534 rame
2417 1471 2496 1532 de

364 1567 450 1647 gli
501 1566 951 1646 alloggiamenti,
997 1567 1091 1628 de'
1135 1567 1270 1629 fatti
1316 1569 1556 1642 d'arme,
1601 1567 1752 1630 delle
1804 1569 2303 1631 circonvallationi
2342 1567 2498 1629 delle

367 1663 538 1734 citta,
566 1672 627 1723 et
653 1664 714 1724 di
740 1665 922 1727 molte
947 1666 1097 1726 altre
1134 1686 1273 1726 cose
1317 1666 1562 1727 notabili
1609 1666 1884 1728 descritte
1911 1667 1969 1727 in
1994 1668 2129 1728 essi.
2214 1668 2381 1727 Fatte
2417 1664 2500 1726 da

367 1760 608 1821 Andrea
634 1760 898 1821 Palladio
925 1782 1031 1842 per
1076 1761 1361 1823 facilitate
1403 1782 1440 1823 a
1466 1763 1568 1823 cbi
1592 1761 1780 1843 legge,
1809 1764 1865 1824 la
1892 1764 2195 1843 cognition
2222 1761 2357 1824 dell’
2382 1761 2500 1824 111οό

366 1854 543 1916 toria.
625 1856 696 1917 ln
724 1858 988 1929 Venetia,
1015 1876 1297 1938 appresso
1322 1855 1519 1919 Pietro
1546 1859 1641 1920 de'
1670 1859 2043 1921 Franceschi.
2074 1867 2134 1920 4.

284 1960 449 2025 1598
493 1955 524 2014 1
551 1954 971 2027 Commentari,
1000 1960 1119 2017 διο.
1147 1961 1241 2033 (ut
1269 1960 1467 2035 supra)
1508 1956 1577 2017 In
1624 1958 1892 2031 Venetia,
1940 1975 2225 2038 appresso
2265 1954 2502 2018 Girolap
2619 1917 2626 1923 ι

366 2070 470 2111 mo
513 2051 822 2130 Foglietti.
865 2054 939 2112 Al
989 2072 1169 2131 segno
1220 2053 1374 2113 della
1420 2053 1664 2132 Regina.
1721 2052 2388 2132 Μ.1).οκν111.(ιίο)
2425 2051 2501 2111 In

367 2144 525 2212 fine·
569 2146 681 2207 ‘In
709 2149 976 2222 Venetia,
1006 2153 1304 2230 Appresso
1335 2150 1644 2212 Girolamo
1674 2151 1946 2230 Foglietti
1978 2158 2152 2222 1598.
2180 2159 2242 2210 4.
2270 2169 2328 2211 c.
2356 2147 2502 2229 figg-

290 2242 455 2314 1619
494 2246 887 2307 Commentari
933 2246 998 2307 di
1027 2248 1100 2307 C.
1132 2249 1336 2308 Giulio
1364 2249 1601 2310 Cesare.
1683 2249 1813 2308 Con
1841 2249 1897 2308 le
1925 2247 2152 2327 figure
2135 2265 2195 2306 111
2225 2265 2409 2319 rame,
2437 2244 2504 2306 di

367 2342 610 2403 Andrea
635 2342 915 2404 Palladio.
939 2344 1024 2403 Le
1047 2344 1208 2422 quali
1236 2354 1694 2425 rappresentano
1720 2362 1758 2403 a
1783 2344 1865 2423 gli
1891 2343 2068 2406 occbi
2094 2341 2157 2402 di
2185 2342 2285 2403 chi
2310 2343 2502 2422 legge,

368 2442 881 2521 Accampamenti,
911 2441 1266 2516 Ordinanze,
1295 2453 1357 2503 et
1385 2440 1649 2504 Incontri
1674 2440 1735 2501 di
1763 2441 2054 2514 Esserciti,
2079 2438 2262 2512 Citta,
2292 2438 2508 2513 Finmi,

370 2537 486 2597 Siti
512 2536 588 2596 de
615 2537 798 2609 Paesi,
841 2545 900 2599 et
925 2539 1072 2599 altre
1099 2559 1239 2599 cose
1263 2539 1508 2599 notabili
1538 2547 1852 2599 contenute
1879 2539 2011 2599 nell'
2051 2536 2333 2597 Historia.
2415 2535 2499 2597 Di

369 2650 573 2694 nuovo
598 2634 1070 2714 diligentemente
1100 2636 1339 2696 con-etti
1363 2656 1397 2696 e
1423 2635 1771 2714 ristampati.
1856 2636 1928 2696 ln
1952 2633 2199 2694 Venetia
2222 2650 2504 2713 appresso

367 2730 590 2792 Nicolo
616 2731 1058 2794 Millerini.-1u
1084 2733 1231 2794 fine:
1264 2743 1279 2767 ⁸
1300 2733 1583 2795 Numidio
1611 2733 1861 2793 Pallazzi
1889 2732 2272 2804 Correttore,'
2291 2730 2410 2790 dte.
2436 2737 2500 2788 4.

288 2834 453 2897 1737
498 2828 772 2889 Venetiis.
803 2837 860 2889 4.
890 2830 1025 2890 Vid.
1056 2830 1197 2891 edd.
1227 2831 1285 2890 b.
1317 2849 1372 2891 a.
1402 2828 1640 2891 Titulus
1667 2828 1909 2912 quidem
1935 2846 2150 2889 novam
2176 2825 2502 2888 versionem

294 2924 303 2931 ’
369 2924 696 3004 promittit3
742 2926 842 2986 sed
873 2927 1017 2987 liber
1044 2927 1172 3009 ipse
1198 2928 1436 2991 exbibet
1470 2928 2007 3008 interpretationem
2049 2923 2343 2988 Francisci
2371 2923 2505 2987 Bal-

298 3010 311 3027 ’
371 3020 535 3094 delli,
565 3023 801 3083 mutatis
829 3023 1054 3085 nonnisi
1083 3024 1320 3104 singulis
1349 3024 1564 3085 verbis.

291 3464 441 3559 διο
494 3490 776 3575 explicit
819 3489 1091 3558 Notitia
1119 3492 1464 3575 maaria,
1495 3492 1604 3558 vel
1633 3491 2016 3558 Edifionum
2043 3487 2338 3555 caesafis
2366 3485 2512 3555 Re-

293 3610 561 3673 censns,
598 3590 1064 3679 suppeditatas
1092 3615 1136 3662 a
1164 3595 1388 3661 Sociis
1418 3595 1842 3680 Bipontinis:
1888 3610 2167 3678 qnorum
2200 3590 2509 3678 3651111111»-

292 3701 453 3775 tem,
497 3700 571 3762 ut
603 3697 749 3783 jam
788 3699 858 3762 in
892 3697 1274 3782 virgilianis
1300 3696 1746 3776 recensendis,
1792 3696 2134 3781 praecipne
2168 3692 2510 3760 vitandam

292 3812 445 3864 esse
467 3800 687 3865 visum
713 3805 835 3866 est.
925 3799 1193 3880 Quibus
1215 3802 1418 3867 etiam
1445 3802 1505 3867 si
1538 3801 1736 3866 insint
1763 3818 2036 3878 erroreS,
2064 3804 2138 3865 nt
2156 3798 2511 3864 humanum

296 3905 404 3968 eet
435 3922 675 3983 errare,
719 3904 991 3989 culpam
1026 3908 1142 3991 qui
1168 3906 1556 3984 meruerint,
1591 3902 1842 3968 ferant.
1823 3923 1840 3940 ·
1885 3900 2169 3967 sufficiat
2202 3900 2418 3978 nobis,
2447 3898 2511 3964 si

296 4004 370 4070 in
396 4006 644 4071 nostris
684 4007 1045 4073 tractandis
1089 4027 1229 4073 rem
1258 4013 1453 4073 caute
1481 4012 1548 4072 et
1586 4005 1927 4089 diligenter
1978 4003 2328 4088 egerimus.
2415 3997 2516 4066 At

297 4107 591 4193 quidun,
612 4108 731 4175 nbi
747 4110 1030 4195 explicit
1058 4110 1438 4197 Bipontina,
1463 4115 1692 4176 nostra
1707 4108 1829 4175 vix
1847 4108 2112 4193 incipit.
2156 4104 2396 4170 etenim
2418 4118 2514 4166 ex

298 4230 439 4295 quo
474 4216 771 4296 tempore
795 4212 993 4280 finem
1022 4233 1167 4280 suae
1198 4212 1480 4281 Notitiae
1512 4210 1784 4279 fecerint
1815 4208 2122 4277 Editores
2157 4205 2281 4284 illi,
2316 4221 2518 4291 paene·

299 4312 505 4381 nullae
552 4312 847 4387 caesaris
890 4312 1263 4398 Editiones,
1308 4322 1384 4384 ut
1426 4314 1624 4383 nobis
1667 4311 2047 4392 innotescit,
2089 4305 2514 4397 prodierunt3
