3017 4925
1011 436 1096 519 o.
1126 436 1330 487 suun
1378 437 1737 489 omanis.
2292 418 2475 488 2059

283 589 596 679 ..epistola
640 589 890 670 praefixa’
925 600 1031 663 est,
1076 601 1137 651 et
1177 592 1559 662 Flaminiana,
1604 601 2006 670 praetereaque
2046 591 2231 651 habet
2276 591 2472 652 Hoto-

349 689 536 748 manni
564 690 1064 749 commentarium.
1111 690 1316 749 Editor
1344 692 1503 749 latet.

281 792 422 846 1585
465 787 737 845 londini.
790 786 881 846 16.
947 788 1018 845 C.
1048 787 1463 847 JuliiCaesaris
1493 787 1934 859 Commentarii,
1982 788 2147 847 novis
2188 786 2471 849 emenda

347 883 623 954 tionibus,
650 890 769 944 &tu
854 884 1122 958 Londini,
1168 885 1325 964 apud
1359 885 1682 945 Arnoldum
1720 883 1977 944 Hatfield
2031 895 2115 944 et
2138 885 2268 945 Nic.
2300 887 2472 947 New·

349 991 571 1042 tonum.
579 984 1068 1060 -Bruggemann
1099 1001 1161 1060 p.
1195 990 1331 1041 515.

281 1076 425 1139 1586
463 1079 761 1155 Lugduni.
797 1089 853 1140 8.
883 1082 954 1140 C.
985 1082 1017 1140 J
1027 1080 1122 1140 uln
1154 1080 1399 1140 Caesaris
1429 1100 1616 1141 rerum
1646 1080 1725 1140 ab
1755 1101 1816 1139 se
1836 1089 2130 1157 gestarum
2161 1083 2475 1143 Commen-

345 1176 492 1248 tarii,
545 1198 683 1237 cum
729 1177 1183 1236 accessionibus.
1268 1176 1564 1255 Lugduni,
1619 1175 1781 1255 apud
1829 1179 1969 1236 Ant.
2027 1178 2475 1257 Gryphium.—

346 1273 500 1334 Bibl.
534 1274 834 1334 Emtinck.
866 1276 934 1334 P.
970 1290 1079 1334 111.
1113 1294 1174 1353 p.
1205 1282 1344 1334 311.
1375 1290 1434 1333 n.
1466 1272 1610 1333 613.

276 1403 350 1416 —
387 1372 762 1449 Antwerpiae.
809 1380 866 1431 8.
929 1372 1001 1431 C.
1031 1371 1168 1430 Julii
1199 1371 1443 1431 Caesaris
1487 1369 1906 1431 commentarii
1943 1369 2021 1432 de
2046 1371 2205 1433 bello
2233 1373 2476 1435 Gallico

347 1478 406 1528 et
431 1469 630 1529 Civili.
675 1468 956 1545 Ejusdem
987 1469 1295 1541 librorum,
1325 1469 1426 1549 qui
1453 1467 1882 1543 desiderantur,
1910 1468 2259 1549 fragmenta.
2329 1471 2477 1531 Om-

345 1565 436 1625 nia
452 1566 694 1644 judicio
726 1566 831 1626 viri
862 1566 1029 1626 docti
1054 1566 1364 1626 emendata
1391 1577 1448 1626 et
1475 1565 1653 1626 edita.
1714 1566 2091 1647 Antwerpiae,
2118 1567 2279 1648 apud
2307 1564 2478 1628 Pluu-

348 1662 447 1723 tin.
455 1664 694 1724 -Bibl.
728 1663 1022 1724 Emtinck.
1054 1662 1200 1722 ibid.
1232 1683 1291 1722 ιι.
1322 1661 1465 1723 614.

281 1765 420 1820 1588
461 1761 740 1821 Venetiis.
789 1769 845 1821 8.
892 1761 963 1820 C.
993 1760 1131 1821 Julii
1161 1760 1409 1819 Caesaris
1440 1760 1881 1831 Commentarii‚
1912 1760 1988 1822 ab
2017 1761 2177 1822 Aldu
2207 1761 2475 1823 Manutio

347 1856 646 1916 emendati
674 1867 736 1917 et
760 1857 999 1917 scholiis
1031 1856 1326 1917 illustrati.
1370 1857 1650 1930 Venetiis,
1680 1857 1836 1937 apud
1866 1850 2116 1917 Aldum.

284 1959 426 2023 1589
465 1953 840 2014 Francofurti
868 1954 945 2014 ad
975 1955 1064 2013 M.
1121 1954 1230 2013 fol.
1275 1955 1579 2034 Repetitio
1605 1954 1702 2015 ed.
1740 1963 1915 2024 1575.

277 2082 354 2095 --
390 2052 658 2112 Coloniae
687 2053 939 2132 Agripp.
973 2060 1031 2113 8.
1077 2053 1150 2111 C.
1178 2052 1213 2112 J
1221 2052 1322 2111 uln
1348 2053 1600 2113 Caesaris
1629 2053 2193 2116 Commentariorum
2214 2053 2290 2112 de
2320 2052 2480 2114 bello

349 2149 587 2209 Gallico
638 2150 769 2208 libri
810 2165 971 2209 vin.
1035 2147 1193 2209 civili
1231 2149 1593 2228 Pompeiano
1639 2150 1774 2210 libri
1827 2167 1938 2211 ιιι.
2002 2150 2401 2213 Alexandrino
2428 2164 2479 2211 1.

351 2245 559 2307 Africo
593 2266 640 2305 1.
684 2247 1051 2326 Hispaniensi
1083 2263 1132 2306 1.
1201 2247 1438 2307 Pictura
1464 2248 1646 2308 totius
1674 2248 1907 2319 Galliae,
1933 2248 2251 2327 Hispaniae,
2284 2247 2483 2328 pontis

351 2341 412 2400 in
451 2343 690 2414 Rheno,
739 2349 861 2403 dcc.
926 2362 1033 2421 per
1083 2343 1427 2404 Jucundum
1478 2345 1892 2416 veronensem,
1961 2364 2035 2403 ex
2089 2345 2482 2422 descriptione

353 2438 621 2502 Coesaris.
709 2443 987 2501 Veterum
1016 2442 1230 2502 Galliae
1258 2445 1548 2514 locorum,
1597 2442 1975 2522 populorum,
2027 2442 2277 2511 urbium,
2324 2461 2487 2501 mon-

281 2587 288 2598 .
355 2536 520 2610 tium,
563 2557 635 2598 ac
684 2538 993 2598 fluviorum
1025 2538 1218 2600 brevis
1247 2539 1587 2618 descriptio.
1671 2537 1824 2599 Cum
1857 2538 2062 2599 Indice
2102 2537 2488 2616 locupletissi-

281 2705 292 2712 ἢ
354 2654 472 2695 mo.
542 2637 813 2698 Coloniae
841 2637 1210 2717 Agrippinae,
1255 2638 1414 2716 apud
1443 2639 1602 2698 Petr.
1636 2636 2075 2696 Horst.—Bibl.
2107 2635 2296 2696 Acad.
2344 2632 2485 2694 Hei-

281 2781 290 2790 .
356 2734 513 2795 delb.

289 2833 754 2902 1590'VenetiiS.
802 2843 860 2895 8.
902 2833 1064 2913 apud
1095 2831 1340 2893 Aldum.

280 2958 356 2973 --
392 2928 671 2989 Londini.
719 2928 815 2990 16.
844 2950 946 3011 ap.
976 2932 1124 2990 Am.
1158 2928 1443 2990 Hatfield.
1472 2928 1775 3009 Repetitio
1801 2927 1899 2990 ed.
1934 2934 2110 2990 1585.

289 3030 427 3095 1591
475 3027 743 3087 Basileae.
815 3037 873 3089 8.
928 3048 1066 3089 cum
1123 3028 1366 3105 picturis
1421 3048 1623 3106 geogr.
1680 3026 2179 3106 descriptionibus
2220 3023 2486 3084 locorum

353 3121 738 3197 diversorum,
795 3126 973 3199 notis,
1025 3126 1192 3186 variis
1237 3125 1608 3198 lectionibus,
1659 3123 2142 3185 annotationibus
2191 3121 2485 3192 Marliani,

361 3219 575 3294 Ursini,
625 3224 920 3294 Glareani,
965 3223 1327 3285 Hotomanni
1371 3233 1432 3283 et
1472 3223 1742 3284 aliorum.
1816 3221 2077 3290 Basileae,
2133 3240 2207 3279 ex
2252 3218 2490 3279 officina
2550 3275 2553 3278 ,

289 3369 296 3374 .
363 3318 702 3383 Osteniana.

291 3420 436 3485 1593
479 3415 753 3496 Lugduni
785 3419 918 3478 But.
963 3426 1022 3479 8.
1064 3418 1367 3498 Repetitio
1393 3417 1490 3476 ed.
1530 3414 1704 3478 1586.

286 3542 364 3561 ·-
401 3514 677 3594 Lugduni
705 3518 837 3575 Bat.
884 3526 944 3578 8.
1006 3516 1078 3577 C.
1108 3519 1143 3578 J
1151 3517 1253 3576 ulii
1281 3515 1537 3576 Caesaris
1560 3514 1757 3574 omnia
1785 3531 1920 3591 quae
1948 3518 2182 3571 extant:
2216 3511 2345 3588 jam
2375 3511 2493 3588 pri·

364 3613 499 3674 dem
528 3635 708 3693 opera
735 3624 796 3675 et
825 3615 1059 3692 judicio
1089 3617 1196 3676 viri
1222 3614 1385 3675 docti
1412 3614 1615 3690 (Justii
1645 3612 1850 3692 Lipsii)
1877 3611 2186 3673 emendata
2217 3621 2277 3672 et
2306 3611 2488 3672 edita.

365 3713 682 3773 Accessere
709 3713 935 3793 imperii
983 3714 1252 3786 Romani,
1295 3713 1744 3790 Galliarumque
1785 3720 1848 3770 et
1894 3709 2307 3787 Hispaniarum
2336 3718 2495 3769 vete-

362 3826 488 3869 rum
520 3810 759 3882 tabulae,
807 3831 842 3870 e
870 3812 1178 3871 conatibus
1223 3810 1631 3891 geographicis
1665 3810 1812 3868 Abr.
1844 3807 2080 3868 Ortelii.
2170 3806 2496 3867 Summaria

365 3904 604 3987 insuper
630 3908 867 3986 singulis
898 3908 1057 3968 libris
1085 3908 1347 3986 praetixa,
1394 3917 1456 3968 et
1483 3905 1559 3965 ad
1593 3905 1907 3982 marginem
1938 3915 2095 3964 notae
2124 3923 2311 3963 rerum
2340 3902 2494 3962 indi·

370 4017 489 4062 ees.
548 4002 820 4080 Lugduni¹
852 4005 980 4063 Bat.
1013 4024 1086 4063 ex
1116 4004 1272 4064 offic.
1307 4003 1556 4065 Plautio.
1606 4002 1769 4081 apud
1798 4003 1894 4062 Fr.
1925 4001 2497 4080 Rapbelengiuma-

373 4098 569 4159 Editio
599 4114 882 4179 praestans
910 4115 968 4161 et
1000 4103 1201 4161 nitida.

303 4200 448 4266 1595
489 4197 927 4278 Heidelbergae.
968 4208 1068 4261 24.
1096 4199 1260 4279 apud
1292 4200 1536 4259 Hieron.
1565 4195 1914 4258 commelin.

300 4318 378 4338 -
413 4295 785 4376 Antwerpiae.
831 4306 890 4358 8.
918 4296 1080 4379 apud
1110 4296 1425 4359 Martinam
1454 4295 1725 4357 Nutium.
