3017 4925
908 379 1009 431 nn
1053 379 1233 430 vrrs
1282 379 1487 432 suun
1534 379 1892 433 osssAms.
2317 353 2494 435 1⁷21

284 530 454 606 horit,
502 531 900 604 Suessionum
948 532 1093 593 fines
1138 532 1380 592 Rliemis
1424 533 1707 612 proximis
1753 532 2066 612 ingressus.
2152 529 2496 595 ⁶³Nomodi2·

290 650 438 692 mam
465 629 719 710 opidum
749 630 1109 711 aggreditur,
1139 628 1297 707 quod
1337 628 1701 690 indefensum
1742 629 1899 689 fama
1938 629 2271 709 vulgaverat
2311 641 2374 691 et
2411 630 2497 692 sin

288 737 442 790 ent:
485 727 589 787 sed
619 737 803 788 nocte
844 727 1178 788 Suessiones
1224 728 1559 807 introgressi
1597 725 1998 787 defensionem
2026 737 2335 806 apparant.
2416 728 2498 789 Et

291 824 428 885 dum
458 826 660 885 vineas
687 824 990 886 admoveri
1035 823 1210 884 muris
1245 832 1569 895 cernerent,
1618 832 1806 884 turres
1846 833 1907 884 et
1949 825 2246 884 machinas
2295 825 2498 904 quales'

294 942 401 983 nec
426 923 696 983 viderant
726 920 969 1001 quidem
998 941 1275 1000 unquam,
1322 941 1431 981 nec
1459 921 1785 993 audierant,
1825 921 2152 1000 stupefacti,
2194 940 2500 1001 oppugna-

296 1020 445 1080 tione
472 1039 595 1079 non
624 1028 960 1098 expectata,
1002 1018 1235 1078 nuntios
1262 1019 1514 1097 opidum
1540 1038 1721 1098 seque
1763 1037 1872 1078 sua
1919 1018 2203 1079 dedentes
2241 1019 2318 1078 ad
2365 1021 2498 1080 Cae-'

294 1137 473 1177 serem
529 1117 948 1187 transmittunt,
993 1136 1064 1176 ac
1111 1114 1264 1175 (latis
1312 1115 1623 1177 obsidibus
1668 1116 2046 1176 nobilissimis
2089 1116 2299 1194 gentis,
2349 1114 2504 1176 inter

299 1233 442 1293 quos
468 1213 597 1275 duo
627 1213 731 1274 filii
764 1213 914 1293 regis
941 1221 1124 1285 erant,
1167 1213 1512 1292 traditisque
1548 1213 1724 1274 armis
1759 1213 2033 1274 omnibus
2073 1213 2131 1272 in
2168 1214 2500 1274 Romanam

298 1309 473 1370 fidem
502 1311 862 1371 Rliemorum
891 1308 1165 1388 precibus
1194 1318 1331 1370 sunt
1358 1310 1598 1388 recepti.
1683 1310 1841 1370 Hine
1868 1311 1928 1369 in
1958 1310 2301 1371 Bellovacos
2329 1311 2499 1382 itum,

299 1406 396 1486 qni
448 1427 591 1466 cum
643 1427 706 1466 se
752 1408 813 1466 in
869 1406 1115 1486 opidum
1171 1405 1460 1466 munitum
1516 1424 1589 1466 ac
1644 1406 1900 1467 validum
1950 1407 2347 1479 contulissent,
2404 1407 2501 1467 cui

297 1501 842 1582 “Bracuspantium
872 1523 1087 1563 nomen
1115 1512 1257 1575 erat,
1298 1503 1559 1564 exercitu
1604 1504 2059 1585 propinquante,
2105 1524 2303 1563 omnes
2350 1504 2504 1583 pub-

299 1601 413 1660 lico
448 1600 531 1661 de
570 1601 817 1662 consilio
863 1600 1116 1678 majores
1152 1608 1319 1674 natu,
1360 1602 1596 1663 obviam
1642 1604 1856 1682 egressi
1897 1601 2162 1662 manibus
2207 1600 2380 1662 tensis
2421 1599 2503 1660 ad

300 1700 589 1760 Caesarem
633 1699 754 1758 alta
793 1718 938 1759 voce
981 1718 1042 1757 se
1092 1697 1152 1755 in
1200 1696 1378 1758 fidem
1418 1695 1608 1777 ⁶⁷ejus
1654 1700 2019 1761 committere
2063 1719 2254 1779 neque
2296 1698 2503 1758 contra

302 1796 599 1856 Romanos
642 1815 807 1855 arma
846 1794 1120 1856 movendi
1170 1796 1431 1855 animum
1480 1797 1697 1857 habere
1745 1798 1944 1858 testati
1992 1806 2146 1857 sunt.
2228 1797 2502 1874 Cumque

298 1892 590 1953 exercitus
645 1893 889 1972 opidum
946 1893 1188 1972 propius
1234 1893 1596 1967 accessisset,
1651 1894 1806 1955 idem
1855 1895 1932 1954 de
1980 1895 2160 1954 muris
2205 1891 2505 1954 faciebant

303 1990 753 2070 clamabantque
782 1990 1047 2051 mulieres
1075 2010 1148 2052 ac
1175 1991 1381 2071 pueri:
1427 2004 1649 2053 motum
1682 1995 1973 2054 Caesarem
2013 1991 2354 2071 spectaculo
2399 1989 2505 2048 Di-

306 2087 552 2147 vitiacus
582 2088 787 2149 Eduus
816 2088 876 2148 in
907 2088 1057 2149 hanc
1101 2089 1442 2150 sententiam
1486 2090 1778 2151 allocutus
1812 2101 1940 2151 est:
1987 2092 2270 2168 ‘Semper
2308 2086 2501 2148 Bello-

306 2202 483 2243 vacos
518 2204 780 2245 servasse
809 2184 988 2246 fidem
1016 2195 1079 2247 et
1114 2187 1431 2249 amicitiam
1462 2189 1831 2259 Heduorum,
1869 2205 2027 2248 nunc
2057 2185 2215 2246 falsis
2245 2184 2504 2247 consiliis

303 2280 553 2360 agitatos
580 2301 617 2342 a
645 2282 767 2342 suis
793 2281 1166 2361 primoribus,
1213 2285 1321 2364 qui·
1357 2285 1622 2346 dicerent
1663 2286 1864 2346 Eduos
1907 2284 2065 2365 turpi
2115 2284 2345 2344 servitio
2394 2301 2505 2361 op·

304 2395 532 2457 prmus
558 2398 595 2438 a
621 2380 859 2440 Caesare
884 2377 1058 2459 digna
1086 2389 1147 2440 et
1174 2381 1412 2460 indigna
1442 2383 1586 2462 pati,
1630 2392 1936 2443 execratos
1976 2381 2317 2460 patientiam
2360 2379 2507 2440 ami-

306 2494 531 2547 sorum,
589 2476 1043 2555 Romanumque
1095 2487 1430 2539 recusantes
1486 2479 1817 2559 imperinm,
1884 2480 2314 2539 consurrexisse
2364 2486 2505 2540 cum‘

305 2573 561 2643 exteris,
587 2583 649 2631 et
687 2570 938 2635 “surore
966 2574 1212 2653 publico
1241 2576 1562 2654 scripsisse,
1592 2576 1826 2636 tandem
1854 2575 2064 2635 fraude
2092 2575 2407 2653 recognita,
2445 2574 2508 2635 et

306 2669 657 2730 Bellovacos
694 2670 770 2730 ad
809 2672 1261 2733 misericordiam
1306 2673 1554 2735 Caesaris
1590 2672 1929 2751 confugere,
1970 2681 2028 2732 et
2069 2671 2327 2751 perfidos
2368 2690 2507 2732 con-

308 2766 551 2828 nitores
580 2767 969 2846 recogitantes
997 2769 1142 2849 quid
1174 2770 1309 2830 mali
1350 2770 1468 2831 suis
1513 2770 1737 2830 civibus
1774 2769 2115 2843 invexerint,
2168 2764 2299 2849 [48]
2343 2760 2510 2829 meri-³

309 2873 429 2927 turn
467 2864 829 2943 supplicium
870 2874 1198 2928 metuentes
1238 2867 1297 2926 in
1336 2867 1692 2927 Britanniam
1733 2866 2086 2946 profugisse.
2171 2866 2359 2927 Orare
2385 2881 2509 2925 non

307 2978 407 3024 eus
432 2960 616 3022 modo
644 2961 745 3040 qni
780 2973 1135 3036 erraverunt,
1178 2964 1281 3024 sed
1320 2984 1381 3024 se
1426 2984 1685 3045 quoque,
1726 2984 1832 3024 suo
1871 2965 2042 3024 simul
2087 2972 2266 3042 atque
2305 2961 2512 3022 flecht-

310 3075 471 3119 orum
500 3058 740 3119 nomine
766 3066 834 3119 ut
859 3059 941 3120 eis
970 3058 1290 3141 indulgeat.
1376 3062 1446 3123 Id
1477 3062 1633 3122 enim
1657 3072 1716 3123 et
1742 3061 1928 3141 ipsius
1956 3062 2203 3123 Caesaris
2245 3070 2305 3121 et
2349 3058 2511 3119 Edu·

312 3170 469 3217 etum
498 3155 578 3216 ad
605 3154 846 3235 gloriam
873 3158 1185 3236 pertinere,
1216 3160 1264 3219 si
1293 3169 1354 3220 et
1382 3180 1518 3220 eum
1545 3169 1666 3222 tam
1695 3160 1821 3219 miti
1851 3160 2207 3220 esse·animo
2250 3166 2309 3217 et
2347 3154 2510 3236 apud

308 3269 445 3313 eum
497 3251 704 3313 Edunt
750 3262 981 3315 tantum
1028 3274 1203 3334 posse
1252 3255 1606 3317 innotuerit.'
1697 3255 1925 3316 Annuit
1971 3256 2176 3316 Caesar
2222 3272 2410 3332 seque
2446 3248 2510 3312 et

313 3347 591 3411 Divitis-ci
618 3360 678 3410 et
708 3349 1009 3412 Eduorum
1035 3352 1220 3432 gratia
1248 3352 1592 3415 Bellovacos
1619 3352 1916 3432 recipere;
1967 3372 2189 3432 eosque
2234 3369 2297 3410 se
2343 3350 2510 3409 iuco-

310 3445 491 3508 lunes
528 3454 899 3507 servaturum
947 3450 1105 3509 bona
1151 3447 1274 3510 fide
1317 3449 1607 3529 professus
1649 3459 1759 3522 est,
1809 3448 2038 3509 traditis
2092 3456 2285 3507 tamen
2333 3438 2536 3505 armis

314 3544 603 3616 ensibus,
630 3563 703 3603 ac
732 3545 1018 3605 sexcentis
1045 3545 1364 3619 obsidibus,
1396 3565 1641 3626 quorum
1671 3554 1896 3607 tantum
1927 3562 2227 3603 numerum
2259 3550 2326 3602 ut
2351 3546 2515 3621 pete·

312 3649 417 3712 ret,
458 3640 645 3703 urbis
674 3641 963 3703 suadebat
1003 3661 1081 3703 ac
1121 3643 1332 3724 populi
1375 3642 1741 3722 magnitudo.
1824 3640 1969 3700 Inde
2014 3639 2313 3713 Ambiani,
2364 3635 2512 3700 fines

311 3752 510 3801 mum
536 3739 799 3817 ingresso
820 3740 1064 3810 Caesari,
1091 3741 1284 3801 statim
1313 3761 1372 3801 se
1401 3758 1621 3819 suaque
1649 3739 1843 3798 omnia
1869 3736 2169 3798 dedidere.

380 3835 597 3896 Nervii
622 3836 956 3906 restabantz
1003 3837 1166 3899 ferox
1205 3859 1406 3919 genus,
1449 3848 1508 3898 et
1552 3835 1978 3897 mercatoribus
2021 3835 2372 3895 adversum·
2419 3830 2511 3892 bis

316 3933 627 4012 presertim
656 3933 763 4010 qui
789 3933 1017 3995 delitias
1057 3944 1159 3995 aut
1187 3936 1323 3996 vina
1360 3934 1772 4005 conveherent,
1810 3933 2087 4012 opinione
2112 3932 2308 4002 insita,
2347 3946 2511 3991 enerb

322 4028 433 4090 nri
455 4028 635 4089 rebus
660 4028 936 4091 mollibus
962 4030 1206 4103 animos,
1236 4039 1299 4092 et
1323 4050 1359 4091 a
1397 4030 1540 4092 belli
1579 4029 1790 4092 studiis
1832 4031 2144 4111 elanguere
2187 4047 2259 4089 ac
2297 4027 2513 4087 lentes-

372 4194 436 4248 ὕ
466 4192 635 4257 1³3⁸,
656 4190 1137 4245 Numanum-eu
1166 4193 1572 4261 emmanu
1588 4193 1786 4260 iegitur
1811 4193 1867 4242 ιιι
1889 4191 2246 4243 cesaree-m
2282 4188 2439 4251 Lege,
2458 4199 2514 4238 κ

314 4269 523 4343 infide-⁸
542 4272 648 4336 όν
665 4286 717 4326 n
733 4272 1171 4328 ammae-es
1190 4270 2042 4344 Fortemmrtpublloomuuhae
2062 4273 2155 4325 aut
2172 4266 2513 4338 ubter-ipanus
