3017 4925
873 418 975 467 ns
1018 418 1198 467 vrrs
1241 419 1448 469 mun
1494 418 1850 473 omnis.
2288 406 2466 472 1867·

220 608 227 624 .
252 578 309 628 et
334 566 463 629 fatis
488 568 893 648 prementibus
920 568 994 629 ad
1022 569 1269 649 Tapson
1298 578 1494 631 eastra
1515 570 1804 631 babentes
1844 570 2063 632 invenit
2089 569 2164 630 ad
2197 588 2457 651 pugnam

252 665 584 744 dispositos,
611 675 677 725 et
702 666 893 726 aciem
919 666 1298 727 instruentes:
1341 648 1576 727 instruit
1613 678 1674 726 et
1721 668 1848 747 ipse
1877 687 2041 727 suam
2087 668 2276 730 aciem
2319 689 2462 729 cou-

251 761 459 832 testim,
488 761 652 822 omni
693 772 823 823 arte
866 783 987 842 qna
1026 783 1135 842 per
1176 784 1470 825 summum
1511 764 1724 825 ducem
1755 767 1962 826 instrui
2004 767 2159 827 acies
2187 767 2305 828 ulla
2351 786 2459 846 po-

251 868 394 920 test:
440 859 587 938 quin
610 859 791 919 etiam
818 879 894 919 ex
931 880 1088 940 equo
1125 859 1513 932 descendens,
1561 863 1712 941 inter
1759 864 1915 943 ipsos
1944 863 2170 942 pedites
2209 865 2458 943 pedibus

248 956 589 1018 abulabat
610 966 793 1036 atque
815 963 1020 1018 omnes
1041 967 1101 1018 et
1128 959 1388 1038 singulos
1411 958 1606 1018 verbis
1635 977 1742 1037 pro
1764 968 2029 1039 tempore
2059 960 2332 1023 brevibus
2359 961 2460 1021 sed

249 1052 667 1114 efficacissimis
718 1055 1082 1114 hortabatur.
1169 1064 1187 1089 ‘
1218 1056 1343 1115 Oro
1373 1059 1517 1126 vos,'
1541 1056 1761 1133 ajebat,
1795 1064 1813 1091 ‘
1841 1067 2246 1117 veteranorum
2286 1059 2463 1119 virtu·

251 1162 364 1211 tem
413 1151 795 1221 emulamini,
834 1160 895 1211 et
939 1172 1140 1211 eorum
1191 1152 1406 1213 famam
1461 1162 1552 1213 tot
1594 1163 1821 1232 partam
1862 1155 2118 1215 victoriis
2161 1156 2463 1234 possidere

249 1243 573 1308 “utiminiz
620 1249 749 1308 baee
776 1248 1023 1309 victoria
1062 1250 1346 1328 gloriosos
1375 1268 1480 1309 vos
1509 1249 1785 1311 facietne
1824 1248 2121 1312 famosos.'
2203 1254 2352 1312 Haec
2399 1260 2463 1313 et

250 1344 461 1406 similia
501 1346 753 1424 loquens
794 1347 1118 1407 exereitum
1160 1345 1492 1419 ambiendo,
1523 1357 1584 1407 et
1610 1366 1838 1426 semper
1875 1349 2086 1409 oculos
2129 1349 2352 1410 habens
2380 1349 2458 1409 ad

248 1452 439 1502 castra
481 1444 759 1516 hostium,
803 1444 1055 1506 advertit
1097 1444 1228 1505 illos
1273 1444 1586 1524 trepidare,
1617 1455 1679 1506 et
1728 1466 1885 1506 more
1932 1446 2269 1526 paventium
2310 1466 2463 1506 nune

245 1539 444 1617 egredi
469 1542 848 1620 4⁷utrumque
877 1542 999 1602 sine
1036 1542 1280 1603 ordine:
1326 1543 1443 1602 hoe
1491 1544 1618 1623 ipse
1666 1543 1913 1623 primus,
1965 1552 2101 1622 post
2140 1543 2237 1603 alii
2282 1552 2462 1623 atque

246 1637 340 1695 ulii
385 1637 850 1717 perpenderunt.
933 1640 1143 1718 Itaque
1170 1640 1344 1717 legati
1372 1640 1744 1721 evocatique,
1790 1640 1891 1721 qui
1938 1640 1995 1701 in
2037 1640 2242 1702 castris
2275 1649 2466 1708 erant,

244 1734 418 1812 [237]
471 1737 769 1797 Cmarem
822 1736 1076 1797 adeunt:
1147 1738 1242 1807 Et,
1296 1737 1453 1809 ‘da,'
1504 1737 1798 1816 inquiunt,
1841 1746 1860 1774 ⁴
1888 1738 2207 1817 imperator
2246 1756 2462 1817 pugnae

247 1832 491 1909 signum,
531 1855 603 1893 ne
633 1833 857 1904 dubita,
888 1834 1175 1907 vincimus
1204 1832 1361 1893 haud
1394 1832 1577 1895 dubie
1606 1836 1654 1895 si
1682 1840 2048 1914 pugnamus?
2129 1836 2464 1897 Resistente

248 1929 481 1990 Caesare
512 1930 889 1992 inflammatis
914 1929 1214 1992 desideriis
1243 1931 1515 2004 militnm,
1546 1941 1725 2013 atque
1753 1934 1936 1993 aciem
1967 1940 2349 2004 sustentante,
2392 1953 2464 1994 ae

243 2026 619 2099 fremente,et
645 2028 894 2088 subinde
911 2029 1272 2091 exclamante
1300 2038 1419 2088 non
1441 2030 1551 2089 sibi
1581 2031 1813 2110 plaeere
1840 2032 2149 2110 eruptione
2177 2033 2456 2112 pugnari:

247 2125 443 2187 faetus
491 2126 647 2186 enim
695 2137 821 2186 erat
855 2125 983 2203 jam
1030 2127 1106 2186 ad
1152 2127 1302 2186 bella
1334 2129 1699 2199 cunctacior,
1727 2138 1788 2188 et
1826 2128 2051 2209 aliquid
2101 2129 2176 2190 de
2221 2130 2323 2189 illa
2360 2150 2466 2190 sua

248 2224 504 2285 naturali
533 2224 833 2284 eeleritate
862 2224 1187 2285 remiserat:
1239 2244 1355 2285 non
1397 2224 1559 2303 quod
1586 2224 1974 2304 providentiae
2021 2227 2156 2305 plus
2186 2224 2464 2288 haberetz

248 2325 467 2384 veritus
498 2323 704 2394 credo,
734 2343 808 2382 ne
829 2324 1067 2401 quando
1095 2325 1260 2384 illum
1290 2343 1394 2384 sua
1420 2323 1521 2384 illa
1544 2323 1778 2384 fortuna
1806 2334 1896 2385 tot
1924 2333 1985 2385 et
2003 2325 2177 2386 tantis
2201 2324 2460 2386 victoriis

245 2419 495 2502 fatigata
520 2419 835 2483 desereret.
919 2423 1075 2482 Dum
1106 2420 1191 2482 sie
1231 2442 1373 2501 ergo
1412 2422 1696 2501 impetum
1737 2422 1947 2483 fraenat
1986 2442 2058 2484 ae
2109 2423 2463 2502 comprimit,

244 2530 515 2598 repente,
548 2520 707 2598 quod
738 2519 898 2579 nullo
928 2539 1183 2598 unquam
1216 2519 1429 2598 proelio
1457 2520 1726 2580 auditum
1769 2529 1916 2591 erat,
1958 2541 2142 2580 cornu
2172 2520 2248 2580 ab
2278 2522 2464 2581 altero

248 2615 620 2695 imperatoris
671 2616 895 2694 injussu
944 2617 1257 2676 classicum
1305 2616 1602 2676 insonuit:
1647 2636 1768 2695 quo
1825 2616 2123 2678 universus
2177 2612 2467 2676 exercitus

247 2723 538 2781 arrectus,
567 2713 732 2790 signa
771 2712 830 2772 in
872 2712 1149 2773 adversos
1184 2713 1332 2773 ferre
1376 2721 1656 2791 coeperat,
1693 2714 2129 2773 centurionibus
2168 2713 2365 2793 lingua
2410 2721 2469 2772 et

250 2829 432 2870 manu
463 2809 867 2888 nequidquam
908 2808 1317 2870 renitentibus:
1368 2810 1550 2869 sensit
1577 2812 1773 2870 Caesur
1800 2829 2016 2889 pugnae
2046 2811 2247 2870 horam
2292 2809 2471 2870 adve-

252 2907 430 2978 nisse,
480 2917 543 2966 et
580 2926 858 2966 accensos
887 2905 945 2965 in
983 2925 1236 2984 pugnam
1265 2905 1456 2965 verbis
1486 2914 1760 2967 coercere
1788 2905 2002 2966 frustra
2029 2927 2189 2967 esse:
2231 2916 2292 2967 et
2341 2907 2469 2988 ipse

248 3003 431 3083 igitur
470 3002 654 3064 fraena
699 3004 936 3075 laxavit,
980 3002 1243 3084 datoque
1273 3005 1438 3082 signo
1470 3003 1783 3076 felicitatis,
1816 3009 2093 3085 equoq'ue
2133 3006 2467 3067 calcaribus

252 3102 500 3173 adacto,
529 3101 750 3180 primns
780 3102 837 3160 in
867 3102 1126 3162 hostium
1151 3100 1482 3182 ⁴*sprineeps
1512 3102 1818 3163 invehitur.
1905 3104 2165 3182 Impetus
2195 3123 2232 3163 a
2251 3102 2469 3164 dextro

253 3219 446 3262 cornu
475 3200 535 3259 in
554 3199 893 3278 elephantes
920 3220 957 3260 a
995 3200 1303 3280 sagittariis
1333 3210 1393 3261 et
1420 3199 1814 3261 funditoribus
1840 3200 2053 3273 factus,
2088 3200 2287 3261 beluas
2314 3201 2474 3260 inex·
2512 3212 2522 3222 ·

253 3306 481 3378 pertas,
510 3308 572 3358 et
599 3307 827 3359 tantum
857 3318 894 3358 a
921 3297 1065 3358 silva
1092 3298 1409 3370 venientes,
1440 3299 1654 3359 avertit
1679 3309 1836 3359 retro
1865 3299 1922 3357 in
1951 3318 2090 3358 suos
2114 3320 2130 3358 ι
2158 3307 2358 3358 secute
2383 3306 2472 3358 est

254 3397 397 3476 fug-a
446 3395 712 3474 equitum
765 3396 1136 3457 Maurorum:
1187 3394 1515 3475 eodemque
1569 3396 1795 3475 impetu
1846 3404 2205 3475 occupatum
2255 3394 2469 3453 vallum

253 3494 554 3572 Scipionis
581 3512 687 3572 per
714 3493 1106 3564 CaesareanoS,
1133 3491 1480 3552 custodibus
1505 3492 1825 3552 interfectis
1850 3502 1949 3552 aut
1977 3490 2225 3570 fugatis:
2258 3500 2319 3550 et
2336 3491 2468 3568 jam

255 3592 442 3671 copiis
486 3592 619 3668 ejus
657 3608 1043 3669 pet-'campos
1092 3588 1292 3649 effusis
1320 3608 1392 3648 ae
1433 3586 1686 3667 dejectis
1741 3588 2060 3667 fugamque
2113 3587 2469 3666 petentibus,

256 3690 549 3752 caesareae
575 3689 829 3766 legiones
868 3687 1154 3746 insecutae
1196 3685 1339 3745 nihil
1380 3685 1715 3755 laxamenti,
1759 3685 2101 3764 nullumque
2144 3684 2471 3763 respirandi

257 3787 519 3866 spatium
547 3784 696 3843 ⁴⁹llli
726 3785 835 3843 alia
861 3793 1056 3843 castra
1084 3791 1367 3860 petentes,
1397 3790 1461 3841 ut
1490 3781 1573 3840 ibi
1599 3801 1661 3842 se
1689 3783 1972 3860 reparatis
2001 3782 2209 3842 animis
2240 3793 2469 3843 tueren-

258 3894 378 3956 tur,
423 3882 590 3943 ⁵0nisi
617 3882 838 3941 nullum
880 3881 996 3941 illie
1047 3880 1135 3940 vel
1177 3881 1393 3940 ducem
1422 3879 1530 3937 'vel
1576 3878 1914 3957 praesidium
1961 3878 2253 3940 viderunt.
2334 3881 2469 3940 Jam

258 3981 620 4043 defensionis
657 3999 763 4059 spe
791 3980 1020 4051 amissa,
1049 3998 1208 4038 arma
1238 3989 1447 4057 magna
1474 3997 1547 4036 ex
1593 3987 1760 4056 parte
1807 3977 2144 4056 projiciunt,
2173 3987 2238 4038 ut
2292 3997 2471 4056 expe·

324 4203 388 4248 ⁴6
419 4193 953 4261 Lege,n1·timim·.-—47
988 4192 1183 4256 Supple
1212 4206 1278 4239 ex
1308 4189 1511 4239 Hirtio:
1547 4203 1738 4238 nuncse
1759 4188 2114 4251 κείμενα-48
2147 4186 2308 4249 Lege,
2337 4186 2472 4249 prin·

260 4277 533 4343 cipes-49
564 4274 747 4340 Adde,
767 4275 864 4325 iuis
883 4276 1258 4325 dederam—50
1290 4270 1516 4321 Videtur
1540 4269 1816 4320 delendum
1838 4267 1950 4318 nisi.
