3017 4925
498 422 687 492 1894
1143 437 1203 488 s.
1247 436 1461 487 onst
1509 430 2046 485 consummati

495 591 726 677 fuitque
744 590 854 650 illis
883 588 1059 650 unica
1083 587 1237 669 fngae
1264 610 1435 651 cura:
1475 599 1538 651 et
1566 590 1676 651 nisi
1700 609 1829 651 eam
1855 586 2221 649 ⁶²ludibrium
2250 585 2519 646 extincto
2548 604 2720 666 praem

496 699 768 770 paratum
795 686 1072 748 mirificos
1101 685 1160 746 in
1191 688 1456 747 homines
1500 706 1726 747 versum
1759 685 1926 747 ⁶³est.
2018 686 2219 765 Bogus
2245 684 2298 742 ei
2325 702 2614 744 accensus
2640 683 2701 742 in

492 805 709 866 campo
756 784 972 846 Martio
1017 804 1185 846 secus
1233 787 1523 845 tumulum
1570 785 1760 856 Juliae,
1791 784 1990 844 nescio
2037 782 2271 862 quidem
2315 801 2390 841 an
2439 779 2579 840 filiae
2625 798 2702 838 an

495 886 729 955 sororis,
762 883 991 962 utrique
1016 882 1171 944 enim
1199 902 1412 943 nomen
1438 883 1660 945 fuerat:
1707 882 1865 943 oedes
1892 900 2065 941 aurea
2098 878 2303 958 templi
2349 879 2408 938 in
2451 877 2702 937 formam

498 980 796 1042 memoriae
836 979 966 1057 ejus
1013 988 1310 1051 extructa3
1351 980 1541 1039 lectus
1577 979 1868 1042 eburneus
1913 998 2056 1038 auro
2083 986 2295 1037 stratus
2320 995 2391 1035 uc
2434 991 2702 1054 purpura

496 1076 573 1139 ad
604 1088 784 1157 capnt
810 1077 976 1156 ejus:
1021 1076 1354 1157 trophaeum
1396 1075 1471 1137 ad
1501 1076 1764 1156 gloriam,
1794 1086 1856 1137 et
1881 1075 2052 1136 vestis
2081 1075 2138 1133 in
2167 1093 2286 1153 qua
2313 1083 2438 1132 erat
2465 1071 2704 1131 occisus

493 1174 571 1235 ad
596 1175 1157 1236 commiserationem
1188 1175 1571 1253 spectantium
1600 1173 2000 1234 excitandam:
2035 1173 2326 1252 simulque
2353 1171 2504 1229 inter
2531 1167 2706 1227 ludos

495 1271 765 1333 funereos
810 1272 888 1333 ad
936 1272 1391 1334 misericordiam
1442 1274 1647 1347 occisi,
1690 1273 1864 1352 [273]
1917 1281 1979 1332 et
2033 1268 2305 1332 invidiam
2366 1267 2702 1326 occisorum

493 1367 932 1449 “pecuniarum
960 1370 1107 1432 illud
1134 1371 1287 1432 inter
1311 1372 1424 1431 alia
1451 1371 1872 1432 decantatum:
1918 1376 1934 1402 ⁴
1957 1370 2079 1439 Me,
2109 1384 2388 1435 servasse,
2418 1372 2485 1424 ut
2511 1369 2706 1422 essent

497 1466 603 1545 qui
648 1489 740 1529 me
780 1460 1145 1548 perderent?⁹
1184 1467 1548 1530 laudationes
1579 1469 1637 1528 in
1679 1467 1876 1528 funere
1925 1466 2182 1525 virorum
2219 1460 2525 1523 illustrium
2577 1456 2706 1518 fieri

496 1564 703 1637 solitae,
752 1574 998 1644 propter
1039 1566 1434 1645 prolixitatem
1477 1574 1542 1626 et
1586 1584 1863 1644 pompam
1914 1562 2152 1633 funeris,
2198 1560 2295 1621 cui
2335 1557 2556 1618 ⁶⁵dives
2584 1572 2704 1615 non

495 1661 817 1722 suffectura
844 1663 1176 1733 videbatur,
1206 1663 1614 1742 praetermissae
1641 1672 1811 1724 sunt:
1856 1679 2176 1739 earumque
2216 1657 2278 1717 in
2306 1658 2507 1717 locum
2538 1672 2705 1714 seua-

492 1767 588 1818 tus
615 1757 951 1819 consultum
981 1758 1154 1818 breve
1195 1779 1298 1840 per
1323 1778 1657 1840 praeconem
1700 1761 1877 1839 jussu
1924 1756 2193 1818 Consulis
2241 1756 2547 1816 recitatum
2593 1761 2705 1822 est,

492 1874 614 1933 quo
669 1854 888 1914 Caesari
940 1874 1142 1915 omnes
1196 1856 1449 1916 bonores
1498 1855 1723 1916 divinos
1779 1856 2180 1933 humanosque
2236 1852 2600 1912 decreverat:
2644 1856 2710 1908 et

492 1958 774 2030 praeterea
791 1950 1239 2029 jusjurandum,
1269 1971 1390 2031 quo
1417 1972 1480 2012 se
1506 1971 1710 2013 omnes
1758 1971 1866 2030 pro
1918 1951 2103 2010 salute
2130 1950 2258 2027 ejus
2284 1948 2708 2027 obligaverant,

492 2056 560 2108 ut
586 2048 914 2109 evidentius
955 2068 1073 2109 non
1116 2051 1296 2111 modo
1337 2049 1520 2111 caedis
1548 2049 1652 2112 sed
1683 2049 1922 2130 perjurii
1950 2048 2139 2108 scelus
2166 2055 2346 2107 esset:
2393 2044 2516 2125 pari
2545 2062 2709 2104 com·

489 2144 716 2225 pendio
740 2145 1088 2224 permissum
1115 2156 1226 2218 est,
1257 2167 1499 2208 munera
1528 2146 1604 2207 ad
1636 2147 1813 2207 sunus
1840 2167 1915 2207 ex
1945 2165 2102 2205 more
2130 2144 2473 2215 serentibus,
2491 2149 2557 2201 ut
2584 2140 2712 2201 sine

490 2241 691 2303 ordine
719 2261 841 2320 quo
873 2243 1118 2322 quisque
1147 2243 1341 2315 vellet,
1372 2244 1429 2303 in
1459 2243 1663 2304 itinere
1690 2263 1858 2304 suum
1884 2262 2095 2302 munus
2122 2242 2180 2300 in
2211 2259 2483 2319 campum
2512 2238 2709 2318 ipsum

492 2339 780 2400 Martium
832 2340 1107 2413 deferret,
1176 2340 1317 2402 inde
1371 2341 1427 2401 iu
1484 2340 1677 2402 sorum
1732 2360 1767 2401 a
1824 2339 2253 2418 magistratibus
2307 2337 2539 2398 delatus
2595 2344 2709 2396 est.

489 2436 772 2517 Dumque
803 2437 1040 2500 ubinam
1071 2436 1421 2500 cremandus
1468 2448 1628 2500 esset
1670 2437 1731 2498 iu
1780 2438 2167 2517 quaestionem
2196 2435 2463 2508 venisset,
2491 2432 2710 2512 aliique

487 2533 545 2595 in
575 2534 758 2607 curia,
807 2535 867 2596 in
915 2556 1034 2616 qua
1081 2536 1318 2598 occisus
1364 2546 1511 2609 erat,
1553 2537 1649 2597 alii
1693 2537 1754 2597 in
1800 2536 1949 2597 cella
1974 2535 2136 2596 Jovis
2166 2534 2466 2595 dicerent:
2510 2530 2712 2592 subito

489 2629 614 2690 duo
640 2632 747 2693 viri
774 2633 959 2712 ignoti
989 2634 1277 2696 succincti
1304 2633 1537 2714 gladiis,
1565 2643 1625 2693 et
1642 2633 1849 2710 jacula
1877 2632 2014 2692 bina
2034 2639 2345 2711 gestantes,
2365 2628 2709 2689 ardentibus

488 2724 752 2789 ⁶⁶cereris
794 2730 927 2808 igne
976 2749 1230 2793 accenso
1285 2730 1647 2791 diremerunt
1694 2729 1876 2802 litem,
1929 2729 2232 2807 secutique
2280 2746 2483 2788 omnes
2540 2722 2710 2805 quasi

492 2823 775 2885 divinitus
823 2835 1331 2905 praemonstratam
1382 2827 1556 2899 viam,
1603 2826 1773 2886 multi
1822 2837 2031 2893 vestes.
2075 2824 2244 2885 multi
2287 2843 2448 2884 arma
2491 2822 2712 2901 quibus

490 2920 683 2982 ornati
729 2920 1110 2994 advenerant,
1144 2921 1389 2982 flammis
1429 2923 1721 3000 injecerez
1769 2923 2066 3002 praecipue
2121 2923 2396 2992 veterani,
2451 2922 2554 3000 qui
2598 2919 2718 2980 sul>

494 3016 600 3078 illo
628 3017 1102 3079 victoriosissime
1142 3018 1480 3093 militarat,
1508 3021 1682 3099 quasi
1719 3020 1848 3098 jam
1892 3020 2069 3081 armis
2119 3020 2245 3080 mle
2291 3017 2577 3087 dicerent,
2607 3016 2710 3076 illo

490 3113 773 3187 extincto,
803 3115 907 3196 qui
934 3136 1229 3176 summum
1255 3116 1447 3177 fuerat
1471 3116 1658 3178 decus
1686 3136 2007 3178 armorum.
2076 3118 2371 3177 Matronae
2399 3114 2575 3174 etiam
2605 3133 2712 3174 sua

492 3213 553 3274 in
598 3213 786 3292 ignem
829 3224 892 3274 et
934 3212 1187 3275 filiorum
1214 3224 1559 3276 ornamenta
1597 3215 1951 3294 jactabant:
1997 3215 2190 3274 luctus
2214 3213 2417 3291 ingens
2457 3211 2571 3272 fuit
2596 3229 2710 3271 non

493 3310 890 3372 Romanorum
919 3310 1098 3373 modo
1142 3311 1247 3373 sed
1291 3322 1625 3374 exterarum
1654 3313 1914 3394 gentium
1944 3331 2202 3390 quoque,
2232 3310 2481 3370 maxime
2509 3310 2543 3370 J
2549 3307 2714 3368 uda-,-

492 3426 684 3482 orum,
713 3407 816 3488 qui
846 3409 1221 3488 sepulchrum
1260 3411 1390 3489 ejus
1438 3412 1667 3491 aliquot
1713 3409 2010 3472 continuis
2059 3408 2333 3470 noctibus
2377 3427 2487 3486 pro
2514 3404 2712 3466 officio

490 3504 957 3586 frequentarunt.
1041 3508 1291 3570 Peracto
1318 3509 1521 3571 funere
1566 3510 1739 3590 plebs
1785 3511 2052 3571 Romana
2077 3505 2155 3567 ad
2181 3505 2428 3566 domum
2460 3501 2626 3564 Bruti
2651 3509 2714 3563 et

494 3602 682 3663 Cassii
708 3602 939 3664 facibus
964 3615 1188 3666 armata
1214 3605 1545 3681 contendit,
1573 3606 1789 3687 vixque
1817 3605 1956 3666 inde
1983 3603 2216 3683 repulsa
2241 3599 2542 3662 ⁶⁷Erulnm
2572 3599 2716 3660 Cin-

492 3717 630 3760 nam
682 3700 982 3761 infelicem
1029 3702 1324 3781 quendam
1371 3705 1671 3767 bominem
1721 3723 1863 3765 casn
1919 3701 2162 3762 obvium
2210 3717 2410 3760 errore
2462 3693 2710 3758 nominis

494 3797 702 3859 delusa
746 3797 1081 3878 discerpsit,
1128 3801 1373 3864 credens
1419 3804 1604 3865 alium
1652 3821 1806 3876 esse,
1836 3821 2014 3883 quem
2059 3796 2419 3860 mordaciter
2462 3814 2570 3875 per
2608 3811 2713 3854 eos

489 3892 618 3956 dies
643 3903 847 3956 contra
866 3896 1159 3976 Caesarem
1186 3900 1450 3961 locutum
1478 3920 1608 3961 esse
1637 3898 1969 3968 constabat,
1993 3894 2167 3977 [274]
2196 3891 2501 3971 affixitque
2527 3892 2712 3952 hasta

496 4000 682 4076 caput
718 3992 884 4054 velut
913 3991 1108 4060 taliter
1134 4014 1307 4056 suum
1352 3995 1572 4059 ducem
1615 3997 1739 4058 ulta
1766 3993 2035 4076 gestavit.
2117 3992 2219 4054 Sic
2267 3989 2474 4052 aliene
2518 3988 2712 4067 culp&

549 4240 619 4288 αἱ
648 4236 865 4304 Aliquid
888 4237 1056 4304 deest,
1088 4242 1152 4296 ut
1179 4239 1519 4307 uriptiimnt:
1549 4246 1643 4292 aut
1674 4239 1988 4290 simila-os
2023 4234 2186 4299 Lege,
2222 4231 2492 4282 enda-6⁴
2527 4228 2709 4290 Forte,

486 4317 951 4371 Pacuvianum&
986 4320 1164 4387 Forte,
1185 4321 1440 4374 diem-66
1474 4323 1632 4387 Lege,
1651 4321 1943 4373 cerda-6⁷
1979 4316 2162 4378 Forte,
2185 4311 2434 4366 navim.-
2469 4309 2544 4360 sie
2561 4307 2705 4362 suet.
