<?xml version="1.0" encoding="UTF-8"?>
<!DOCTYPE html PUBLIC "-//W3C//DTD XHTML 1.0 Transitional//EN"
    "http://www.w3.org/TR/xhtml1/DTD/xhtml1-transitional.dtd">
<html xmlns="http://www.w3.org/1999/xhtml" xml:lang="en" lang="en">
 <head>
  <title>
</title>
<meta http-equiv="Content-Type" content="text/html;charset=utf-8" />
  <meta name='ocr-system' content='tesseract 3.04.00' />
  <meta name='ocr-capabilities' content='ocr_page ocr_carea ocr_par ocr_line ocrx_word'/>
</head>
<body>
  <div class='ocr_page' id='page_1' title='image "./cjuliicaesariso00plutgoog_0393.png"; bbox 0 0 3017 4925; ppageno 0'>
   <div class='ocr_carea' id='block_1_1' title="bbox 947 367 2500 437">
    <p class='ocr_par' dir='ltr' id='par_1_1' title="bbox 947 367 2500 437">
     <span class='ocr_line' id='line_1_1' title="bbox 947 367 2500 437; baseline 0.002 -4"><span class='ocrx_word' id='word_1_1' title='bbox 947 390 960 405; x_wconf 69' lang='lat'><em>‘</em></span> <span class='ocrx_word' id='word_1_2' title='bbox 1007 384 1074 433; x_wconf 81' lang='lat' dir='ltr'>o.</span> <span class='ocrx_word' id='word_1_3' title='bbox 1122 384 1326 434; x_wconf 68' lang='lat' dir='ltr'>sunu</span> <span class='ocrx_word' id='word_1_4' title='bbox 1375 382 1733 434; x_wconf 60' lang='lat' dir='ltr'>cassius.</span> <span class='ocrx_word' id='word_1_5' title='bbox 1786 388 1801 401; x_wconf 70' lang='grc'>’</span> <span class='ocrx_word' id='word_1_6' title='bbox 2318 367 2500 437; x_wconf 63' lang='lat' dir='ltr'>m</span> 
     </span>
    </p>
   </div>
   <div class='ocr_carea' id='block_1_2' title="bbox 269 532 2496 2074">
    <p class='ocr_par' dir='ltr' id='par_1_2' title="bbox 281 532 2486 812">
     <span class='ocr_line' id='line_1_2' title="bbox 356 532 2249 616; baseline -0.001 -21"><span class='ocrx_word' id='word_1_7' title='bbox 356 532 852 597; x_wconf 68' lang='lat' dir='ltr'>notisiunstruvit</span> <span class='ocrx_word' id='word_1_8' title='bbox 876 536 976 595; x_wconf 81' lang='lat' dir='ltr'>Jo.</span> <span class='ocrx_word' id='word_1_9' title='bbox 1000 533 1316 594; x_wconf 84' lang='lat' dir='ltr'>Goduiuus</span> <span class='ocrx_word' id='word_1_10' title='bbox 1338 533 1394 593; x_wconf 91' lang='lat' dir='ltr'>in</span> <span class='ocrx_word' id='word_1_11' title='bbox 1425 552 1593 595; x_wconf 85' lang='lat' dir='ltr'>usum</span> <span class='ocrx_word' id='word_1_12' title='bbox 1624 534 1927 616; x_wconf 71' lang='lat' dir='ltr'>Delphini.</span> <span class='ocrx_word' id='word_1_13' title='bbox 1974 534 2009 549; x_wconf 66' lang='grc'>’“</span> <span class='ocrx_word' id='word_1_14' title='bbox 2126 535 2139 543; x_wconf 75' lang='grc'><em>“</em></span> <span class='ocrx_word' id='word_1_15' title='bbox 2242 534 2249 541; x_wconf 78' lang='grc'><strong><em>’</em></strong></span> 
     </span>
     <span class='ocr_line' id='line_1_3' title="bbox 281 629 2486 713; baseline -0 -20"><span class='ocrx_word' id='word_1_16' title='bbox 281 629 438 703; x_wconf 83' lang='grc'>1696</span> <span class='ocrx_word' id='word_1_17' title='bbox 477 631 845 694; x_wconf 75' lang='lat' dir='ltr'>Francofurti</span> <span class='ocrx_word' id='word_1_18' title='bbox 873 641 932 692; x_wconf 83' lang='lat' dir='ltr'>et</span> <span class='ocrx_word' id='word_1_19' title='bbox 959 631 1190 709; x_wconf 77' lang='lat' dir='ltr'>Lipsiae.</span> <span class='ocrx_word' id='word_1_20' title='bbox 1217 641 1275 693; x_wconf 88' lang='lat'>8.</span> <span class='ocrx_word' id='word_1_21' title='bbox 1297 652 1371 691; x_wconf 86' lang='lat' dir='ltr'>ex</span> <span class='ocrx_word' id='word_1_22' title='bbox 1394 631 1629 692; x_wconf 84' lang='lat' dir='ltr'>emend.</span> <span class='ocrx_word' id='word_1_23' title='bbox 1650 633 1951 712; x_wconf 79' lang='lat' dir='ltr'><strong>scaligeri,</strong></span> <span class='ocrx_word' id='word_1_24' title='bbox 1980 650 2117 694; x_wconf 87' lang='lat' dir='ltr'>cum</span> <span class='ocrx_word' id='word_1_25' title='bbox 2138 632 2288 713; x_wconf 84' lang='lat' dir='ltr'>figg.</span> <span class='ocrx_word' id='word_1_26' title='bbox 2320 633 2486 694; x_wconf 82' lang='lat' dir='ltr'>tabb.</span> 
     </span>
     <span class='ocr_line' id='line_1_4' title="bbox 323 729 1631 812; baseline 0.001 -23"><span class='ocrx_word' id='word_1_27' title='bbox 323 807 330 812; x_wconf 29' lang='lat'><strong>·</strong></span> <span class='ocrx_word' id='word_1_28' title='bbox 358 749 559 809; x_wconf 74' lang='lat' dir='ltr'>geogr.</span> <span class='ocrx_word' id='word_1_29' title='bbox 590 742 648 789; x_wconf 90' lang='lat' dir='ltr'>et</span> <span class='ocrx_word' id='word_1_30' title='bbox 676 730 880 790; x_wconf 86' lang='lat' dir='ltr'>Iudice</span> <span class='ocrx_word' id='word_1_31' title='bbox 905 729 1044 790; x_wconf 86' lang='lat' dir='ltr'>Joh.</span> <span class='ocrx_word' id='word_1_32' title='bbox 1075 729 1306 789; x_wconf 76' lang='lat' dir='ltr'>Valent.</span> <span class='ocrx_word' id='word_1_33' title='bbox 1338 729 1631 790; x_wconf 81' lang='lat' dir='ltr'>Merbizii.</span> 
     </span>
    </p>

    <p class='ocr_par' dir='ltr' id='par_1_3' title="bbox 280 824 2351 907">
     <span class='ocr_line' id='line_1_5' title="bbox 280 824 2351 907; baseline -0 -19"><span class='ocrx_word' id='word_1_34' title='bbox 280 824 433 898; x_wconf 78' lang='lat'>1697</span> <span class='ocrx_word' id='word_1_35' title='bbox 477 827 758 889; x_wconf 88' lang='lat' dir='ltr'>Londini.</span> <span class='ocrx_word' id='word_1_36' title='bbox 803 837 864 888; x_wconf 88' lang='lat'>8.</span> <span class='ocrx_word' id='word_1_37' title='bbox 909 826 1211 905; x_wconf 73' lang='lat' dir='ltr'><strong>Repetitio</strong></span> <span class='ocrx_word' id='word_1_38' title='bbox 1232 824 1330 886; x_wconf 87' lang='lat' dir='ltr'>cd.</span> <span class='ocrx_word' id='word_1_39' title='bbox 1363 825 1633 888; x_wconf 85' lang='lat' dir='ltr'>Goduiui</span> <span class='ocrx_word' id='word_1_40' title='bbox 1664 827 1720 886; x_wconf 86' lang='lat' dir='ltr'>in</span> <span class='ocrx_word' id='word_1_41' title='bbox 1754 830 1919 889; x_wconf 85' lang='lat' dir='ltr'>usum</span> <span class='ocrx_word' id='word_1_42' title='bbox 1952 826 2249 907; x_wconf 77' lang='lat' dir='ltr'><strong>Delphini.</strong></span> <span class='ocrx_word' id='word_1_43' title='bbox 2342 832 2351 845; x_wconf 90' lang='lat'>&#39;</span> 
     </span>
    </p>

    <p class='ocr_par' dir='ltr' id='par_1_4' title="bbox 272 924 2496 1492">
     <span class='ocr_line' id='line_1_6' title="bbox 272 924 2494 1003; baseline 0.003 -20"><span class='ocrx_word' id='word_1_44' title='bbox 272 956 357 970; x_wconf 94' lang='lat'>——</span> <span class='ocrx_word' id='word_1_45' title='bbox 397 924 844 985; x_wconf 82' lang='lat' dir='ltr'>Amstelodami.</span> <span class='ocrx_word' id='word_1_46' title='bbox 890 934 947 986; x_wconf 94' lang='lat'>8.</span> <span class='ocrx_word' id='word_1_47' title='bbox 994 927 1066 984; x_wconf 87' lang='lat' dir='ltr'>C.</span> <span class='ocrx_word' id='word_1_48' title='bbox 1095 925 1237 984; x_wconf 84' lang='lat' dir='ltr'>Julii</span> <span class='ocrx_word' id='word_1_49' title='bbox 1265 924 1513 985; x_wconf 76' lang='lat' dir='ltr'>Caesaris</span> <span class='ocrx_word' id='word_1_50' title='bbox 1535 945 1671 1003; x_wconf 75' lang='lat' dir='ltr'>quae</span> <span class='ocrx_word' id='word_1_51' title='bbox 1687 935 1908 995; x_wconf 83' lang='lat' dir='ltr'>extant,</span> <span class='ocrx_word' id='word_1_52' title='bbox 1930 945 2069 986; x_wconf 89' lang='lat' dir='ltr'>cum</span> <span class='ocrx_word' id='word_1_53' title='bbox 2091 928 2243 988; x_wconf 88' lang='lat' dir='ltr'>notis</span> <span class='ocrx_word' id='word_1_54' title='bbox 2267 938 2328 989; x_wconf 83' lang='lat' dir='ltr'>et</span> <span class='ocrx_word' id='word_1_55' title='bbox 2368 930 2494 990; x_wconf 89' lang='lat' dir='ltr'>ani·</span> 
     </span>
     <span class='ocr_line' id='line_1_7' title="bbox 353 1020 2494 1102; baseline 0.003 -20"><span class='ocrx_word' id='word_1_56' title='bbox 353 1020 861 1083; x_wconf 83' lang='lat' dir='ltr'>madversionihus</span> <span class='ocrx_word' id='word_1_57' title='bbox 902 1022 1165 1102; x_wconf 78' lang='lat' dir='ltr'>Dionysii</span> <span class='ocrx_word' id='word_1_58' title='bbox 1192 1021 1406 1092; x_wconf 85' lang='lat' dir='ltr'>Vossii,</span> <span class='ocrx_word' id='word_1_59' title='bbox 1447 1032 1515 1081; x_wconf 92' lang='lat' dir='ltr'>ut</span> <span class='ocrx_word' id='word_1_60' title='bbox 1553 1032 1611 1081; x_wconf 90' lang='lat' dir='ltr'>et</span> <span class='ocrx_word' id='word_1_61' title='bbox 1643 1026 1743 1102; x_wconf 88' lang='lat' dir='ltr'>qui</span> <span class='ocrx_word' id='word_1_62' title='bbox 1774 1032 2022 1082; x_wconf 83' lang='lat' dir='ltr'>vocatur</span> <span class='ocrx_word' id='word_1_63' title='bbox 2062 1025 2260 1085; x_wconf 81' lang='lat' dir='ltr'>Julius</span> <span class='ocrx_word' id='word_1_64' title='bbox 2287 1027 2494 1088; x_wconf 85' lang='lat' dir='ltr'>Celsus</span> 
     </span>
     <span class='ocr_line' id='line_1_8' title="bbox 360 1118 2495 1203; baseline 0.001 -21"><span class='ocrx_word' id='word_1_65' title='bbox 360 1121 439 1182; x_wconf 88' lang='lat' dir='ltr'>de</span> <span class='ocrx_word' id='word_1_66' title='bbox 466 1122 585 1180; x_wconf 84' lang='lat' dir='ltr'>vita</span> <span class='ocrx_word' id='word_1_67' title='bbox 611 1131 669 1180; x_wconf 90' lang='lat' dir='ltr'>et</span> <span class='ocrx_word' id='word_1_68' title='bbox 697 1120 872 1179; x_wconf 86' lang='lat' dir='ltr'>rebus</span> <span class='ocrx_word' id='word_1_69' title='bbox 900 1119 1076 1198; x_wconf 84' lang='lat' dir='ltr'>gestis</span> <span class='ocrx_word' id='word_1_70' title='bbox 1106 1119 1178 1179; x_wconf 89' lang='lat' dir='ltr'>C.</span> <span class='ocrx_word' id='word_1_71' title='bbox 1203 1119 1238 1179; x_wconf 85' lang='lat' dir='ltr'>J</span> <span class='ocrx_word' id='word_1_72' title='bbox 1245 1120 1346 1178; x_wconf 73' lang='lat' dir='ltr'>ulii</span> <span class='ocrx_word' id='word_1_73' title='bbox 1391 1118 1664 1178; x_wconf 77' lang='lat' dir='ltr'>Caesaris.</span> <span class='ocrx_word' id='word_1_74' title='bbox 1750 1121 1839 1177; x_wconf 86' lang='lat' dir='ltr'>Ex</span> <span class='ocrx_word' id='word_1_75' title='bbox 1870 1140 2070 1180; x_wconf 88' lang='lat' dir='ltr'>museo</span> <span class='ocrx_word' id='word_1_76' title='bbox 2108 1124 2207 1184; x_wconf 85' lang='lat' dir='ltr'>Jo.</span> <span class='ocrx_word' id='word_1_77' title='bbox 2249 1124 2495 1203; x_wconf 78' lang='lat' dir='ltr'>Georgii</span> 
     </span>
     <span class='ocr_line' id='line_1_9' title="bbox 351 1214 2487 1294; baseline 0 -13"><span class='ocrx_word' id='word_1_78' title='bbox 351 1219 598 1282; x_wconf 80' lang='lat' dir='ltr'>Graevii.</span> <span class='ocrx_word' id='word_1_79' title='bbox 681 1214 1122 1286; x_wconf 82' lang='lat' dir='ltr'>Amstelodami‚</span> <span class='ocrx_word' id='word_1_80' title='bbox 1151 1220 1474 1294; x_wconf 74' lang='lat' dir='ltr'>ertypogr.</span> <span class='ocrx_word' id='word_1_81' title='bbox 1504 1216 1573 1275; x_wconf 89' lang='lat' dir='ltr'>P.</span> <span class='ocrx_word' id='word_1_82' title='bbox 1604 1226 1669 1275; x_wconf 87' lang='lat' dir='ltr'>et</span> <span class='ocrx_word' id='word_1_83' title='bbox 1693 1217 1752 1278; x_wconf 90' lang='lat' dir='ltr'>J.</span> <span class='ocrx_word' id='word_1_84' title='bbox 1776 1216 2242 1277; x_wconf 59' lang='lat' dir='ltr'>Ehem—Dion.</span> <span class='ocrx_word' id='word_1_85' title='bbox 2275 1221 2487 1294; x_wconf 86' lang='lat' dir='ltr'>Vossii,</span> 
     </span>
     <span class='ocr_line' id='line_1_10' title="bbox 357 1313 2491 1392; baseline -0 -14"><span class='ocrx_word' id='word_1_86' title='bbox 357 1320 446 1378; x_wconf 82' lang='lat' dir='ltr'>G.</span> <span class='ocrx_word' id='word_1_87' title='bbox 474 1318 534 1378; x_wconf 86' lang='lat' dir='ltr'>J.</span> <span class='ocrx_word' id='word_1_88' title='bbox 561 1314 690 1385; x_wconf 77' lang='lat' dir='ltr'>filii,</span> <span class='ocrx_word' id='word_1_89' title='bbox 722 1314 932 1374; x_wconf 88' lang='lat' dir='ltr'>codice</span> <span class='ocrx_word' id='word_1_90' title='bbox 980 1313 1337 1392; x_wconf 86' lang='lat' dir='ltr'>perantiquo</span> <span class='ocrx_word' id='word_1_91' title='bbox 1376 1322 1532 1373; x_wconf 88' lang='lat' dir='ltr'>msto</span> <span class='ocrx_word' id='word_1_92' title='bbox 1556 1314 1665 1385; x_wconf 88' lang='lat' dir='ltr'>usi,</span> <span class='ocrx_word' id='word_1_93' title='bbox 1697 1316 1875 1384; x_wconf 79' lang='lat' dir='ltr'>notae,&#39;</span> <span class='ocrx_word' id='word_1_94' title='bbox 1907 1314 2155 1392; x_wconf 86' lang='lat' dir='ltr'>primum</span> <span class='ocrx_word' id='word_1_95' title='bbox 2188 1335 2223 1374; x_wconf 92' lang='lat' dir='ltr'>a</span> <span class='ocrx_word' id='word_1_96' title='bbox 2251 1318 2491 1377; x_wconf 73' lang='lat' dir='ltr'>Graevio</span> 
     </span>
     <span class='ocr_line' id='line_1_11' title="bbox 351 1410 2496 1492; baseline -0.001 -16"><span class='ocrx_word' id='word_1_97' title='bbox 351 1415 552 1487; x_wconf 79' lang='lat' dir='ltr'>editae,</span> <span class='ocrx_word' id='word_1_98' title='bbox 582 1412 794 1492; x_wconf 77' lang='lat' dir='ltr'>partim</span> <span class='ocrx_word' id='word_1_99' title='bbox 822 1422 957 1472; x_wconf 87' lang='lat' dir='ltr'>sunt</span> <span class='ocrx_word' id='word_1_100' title='bbox 999 1410 1187 1471; x_wconf 85' lang='lat' dir='ltr'>critici</span> <span class='ocrx_word' id='word_1_101' title='bbox 1227 1411 1474 1489; x_wconf 85' lang='lat' dir='ltr'>generis,</span> <span class='ocrx_word' id='word_1_102' title='bbox 1525 1410 1735 1489; x_wconf 87' lang='lat' dir='ltr'>partim</span> <span class='ocrx_word' id='word_1_103' title='bbox 1775 1410 2138 1488; x_wconf 72' lang='lat' dir='ltr'>gras-iwatici</span> <span class='ocrx_word' id='word_1_104' title='bbox 2167 1421 2273 1471; x_wconf 85' lang='lat' dir='ltr'>aut</span> <span class='ocrx_word' id='word_1_105' title='bbox 2314 1413 2496 1473; x_wconf 86' lang='lat' dir='ltr'>histu-</span> 
     </span>
    </p>

    <p class='ocr_par' dir='ltr' id='par_1_5' title="bbox 271 1507 2496 1976">
     <span class='ocr_line' id='line_1_12' title="bbox 271 1507 2487 1590; baseline -0.001 -16"><span class='ocrx_word' id='word_1_106' title='bbox 271 1552 278 1557; x_wconf 99' lang='lat'>-</span> <span class='ocrx_word' id='word_1_107' title='bbox 351 1512 484 1575; x_wconf 87' lang='lat' dir='ltr'>rici.</span> <span class='ocrx_word' id='word_1_108' title='bbox 567 1510 761 1590; x_wconf 81' lang='lat' dir='ltr'>Ipsius</span> <span class='ocrx_word' id='word_1_109' title='bbox 791 1509 1017 1569; x_wconf 75' lang='lat' dir='ltr'>Graevii</span> <span class='ocrx_word' id='word_1_110' title='bbox 1044 1518 1453 1568; x_wconf 55' lang='lat' dir='ltr'>carnuntum</span> <span class='ocrx_word' id='word_1_111' title='bbox 1483 1517 1788 1568; x_wconf 79' lang='lat' dir='ltr'>versantur</span> <span class='ocrx_word' id='word_1_112' title='bbox 1816 1510 1873 1567; x_wconf 89' lang='lat' dir='ltr'>iu</span> <span class='ocrx_word' id='word_1_113' title='bbox 1913 1507 2289 1568; x_wconf 81' lang='lat' dir='ltr'>emendando</span> <span class='ocrx_word' id='word_1_114' title='bbox 2329 1510 2487 1571; x_wconf 86' lang='lat' dir='ltr'>Julio</span> 
     </span>
     <span class='ocr_line' id='line_1_13' title="bbox 354 1605 2496 1687; baseline 0 -19"><span class='ocrx_word' id='word_1_115' title='bbox 354 1608 552 1673; x_wconf 83' lang='lat' dir='ltr'>Celso.</span> <span class='ocrx_word' id='word_1_116' title='bbox 635 1606 859 1667; x_wconf 81' lang='lat' dir='ltr'>Addita</span> <span class='ocrx_word' id='word_1_117' title='bbox 881 1606 1007 1666; x_wconf 85' lang='lat' dir='ltr'>Jos.</span> <span class='ocrx_word' id='word_1_118' title='bbox 1031 1605 1307 1684; x_wconf 85' lang='lat' dir='ltr'>Scaligeri</span> <span class='ocrx_word' id='word_1_119' title='bbox 1329 1605 1539 1664; x_wconf 83' lang='lat' dir='ltr'>notitia</span> <span class='ocrx_word' id='word_1_120' title='bbox 1555 1606 1791 1677; x_wconf 76' lang='lat' dir='ltr'>Ganioe,</span> <span class='ocrx_word' id='word_1_121' title='bbox 1820 1617 1880 1665; x_wconf 88' lang='lat' dir='ltr'>et</span> <span class='ocrx_word' id='word_1_122' title='bbox 1907 1616 2062 1665; x_wconf 81' lang='lat' dir='ltr'>uotoe</span> <span class='ocrx_word' id='word_1_123' title='bbox 2092 1622 2271 1685; x_wconf 81' lang='lat' dir='ltr'>super</span> <span class='ocrx_word' id='word_1_124' title='bbox 2290 1609 2496 1687; x_wconf 84' lang='lat' dir='ltr'>appel-</span> 
     </span>
     <span class='ocr_line' id='line_1_14' title="bbox 339 1702 2495 1783; baseline -0 -22"><span class='ocrx_word' id='word_1_125' title='bbox 339 1703 674 1767; x_wconf 60' lang='lat' dir='ltr'>lationibus</span> <span class='ocrx_word' id='word_1_126' title='bbox 722 1703 986 1763; x_wconf 83' lang='lat' dir='ltr'>locorum</span> <span class='ocrx_word' id='word_1_127' title='bbox 1035 1703 1268 1780; x_wconf 76' lang='lat' dir='ltr'>aliquot</span> <span class='ocrx_word' id='word_1_128' title='bbox 1301 1713 1367 1761; x_wconf 82' lang='lat' dir='ltr'>et</span> <span class='ocrx_word' id='word_1_129' title='bbox 1420 1702 1682 1780; x_wconf 74' lang='lat' dir='ltr'>gentium</span> <span class='ocrx_word' id='word_1_130' title='bbox 1718 1702 1873 1781; x_wconf 86' lang='lat' dir='ltr'>apud</span> <span class='ocrx_word' id='word_1_131' title='bbox 1918 1704 2231 1774; x_wconf 82' lang='lat' dir='ltr'>Caesarem,</span> <span class='ocrx_word' id='word_1_132' title='bbox 2282 1722 2416 1783; x_wconf 60' lang='grc' dir='ltr'>φη</span> <span class='ocrx_word' id='word_1_133' title='bbox 2460 1726 2495 1766; x_wconf 83' lang='lat' dir='ltr'>e</span> 
     </span>
     <span class='ocr_line' id='line_1_15' title="bbox 355 1798 2490 1880; baseline -0.001 -17"><span class='ocrx_word' id='word_1_134' title='bbox 355 1800 644 1880; x_wconf 62' lang='lat' dir='ltr'>scaligeri</span> <span class='ocrx_word' id='word_1_135' title='bbox 687 1799 1100 1879; x_wconf 71' lang='lat' dir='ltr'>‚autogr-apho-</span> <span class='ocrx_word' id='word_1_136' title='bbox 1120 1798 1519 1878; x_wconf 74' lang='lat' dir='ltr'>castigatiores</span> <span class='ocrx_word' id='word_1_137' title='bbox 1567 1807 1628 1859; x_wconf 86' lang='lat' dir='ltr'>et</span> <span class='ocrx_word' id='word_1_138' title='bbox 1679 1800 1965 1861; x_wconf 70' lang='lat' dir='ltr'>auctiores</span> <span class='ocrx_word' id='word_1_139' title='bbox 2019 1800 2116 1860; x_wconf 90' lang='lat' dir='ltr'>hic</span> <span class='ocrx_word' id='word_1_140' title='bbox 2166 1801 2490 1879; x_wconf 73' lang='lat' dir='ltr'><strong>vulgantur.</strong></span> 
     </span>
     <span class='ocr_line' id='line_1_16' title="bbox 357 1897 2207 1976; baseline -0.002 -15"><span class='ocrx_word' id='word_1_141' title='bbox 357 1900 559 1961; x_wconf 81' lang='lat' dir='ltr'>Editio</span> <span class='ocrx_word' id='word_1_142' title='bbox 586 1897 792 1971; x_wconf 87' lang='lat' dir='ltr'>nitida,</span> <span class='ocrx_word' id='word_1_143' title='bbox 822 1897 1095 1976; x_wconf 86' lang='lat' dir='ltr'>quamvis</span> <span class='ocrx_word' id='word_1_144' title='bbox 1125 1916 1241 1956; x_wconf 96' lang='lat' dir='ltr'>non</span> <span class='ocrx_word' id='word_1_145' title='bbox 1272 1916 1696 1976; x_wconf 81' lang='lat' dir='ltr'>usquequaque</span> <span class='ocrx_word' id='word_1_146' title='bbox 1716 1897 2207 1958; x_wconf 81' lang='lat' dir='ltr'>emendatissima.</span> 
     </span>
    </p>

    <p class='ocr_par' dir='ltr' id='par_1_6' title="bbox 269 1992 2469 2074">
     <span class='ocr_line' id='line_1_17' title="bbox 269 1992 2469 2074; baseline -0.002 -13"><span class='ocrx_word' id='word_1_147' title='bbox 269 2005 434 2068; x_wconf 78' lang='lat'><strong>1700</strong></span> <span class='ocrx_word' id='word_1_148' title='bbox 475 1993 874 2059; x_wconf 68' lang='lat' dir='ltr'>Rntemdami.</span> <span class='ocrx_word' id='word_1_149' title='bbox 925 1992 1020 2056; x_wconf 88' lang='lat'>16.</span> <span class='ocrx_word' id='word_1_150' title='bbox 1087 2013 1189 2074; x_wconf 85' lang='lat' dir='ltr'>ap.</span> <span class='ocrx_word' id='word_1_151' title='bbox 1211 1994 1465 2074; x_wconf 81' lang='lat' dir='ltr'>Regner.</span> <span class='ocrx_word' id='word_1_152' title='bbox 1493 1994 1694 2068; x_wconf 87' lang='lat' dir='ltr'>Leers,</span> <span class='ocrx_word' id='word_1_153' title='bbox 1732 2015 1806 2055; x_wconf 79' lang='lat' dir='ltr'>ex</span> <span class='ocrx_word' id='word_1_154' title='bbox 1834 1997 2062 2056; x_wconf 82' lang='lat' dir='ltr'>emend.</span> <span class='ocrx_word' id='word_1_155' title='bbox 2091 1995 2385 2074; x_wconf 76' lang='lat' dir='ltr'>scaligeri.</span> <span class='ocrx_word' id='word_1_156' title='bbox 2458 2007 2469 2017; x_wconf 83' lang='lat'>&#39;</span> 
     </span>
    </p>
   </div>
   <div class='ocr_carea' id='block_1_3' title="bbox 201 2250 2451 2446">
    <p class='ocr_par' dir='ltr' id='par_1_7' title="bbox 201 2250 2451 2446">
     <span class='ocr_line' id='line_1_18' title="bbox 201 2250 2451 2343; baseline -0.004 -3"><span class='ocrx_word' id='word_1_157' title='bbox 201 2250 212 2257; x_wconf 80' lang='grc'><strong><em>’</em></strong></span> <span class='ocrx_word' id='word_1_158' title='bbox 269 2273 541 2343; x_wconf 61' lang='lat' dir='ltr'>..mss</span> <span class='ocrx_word' id='word_1_159' title='bbox 582 2273 658 2333; x_wconf 88' lang='lat' dir='ltr'>v.</span> <span class='ocrx_word' id='word_1_160' title='bbox 735 2270 2451 2336; x_wconf 72' lang='lat' dir='ltr'>.cl-:LLAmo-DAwslo-cLARmo-OUDENDOR·</span> 
     </span>
     <span class='ocr_line' id='line_1_19' title="bbox 1247 2384 1525 2446; baseline 0.007 -2"><span class='ocrx_word' id='word_1_161' title='bbox 1247 2384 1525 2446; x_wconf 77' lang='lat' dir='ltr'>PlANA.</span> 
     </span>
    </p>
   </div>
   <div class='ocr_carea' id='block_1_4' title="bbox 1179 2571 1611 2635">
    <p class='ocr_par' dir='ltr' id='par_1_8' title="bbox 1179 2571 1611 2635">
     <span class='ocr_line' id='line_1_20' title="bbox 1179 2571 1611 2635; baseline 0 -11"><span class='ocrx_word' id='word_1_162' title='bbox 1179 2571 1611 2635; x_wconf 83' lang='lat'><strong>1705—1803.</strong></span> 
     </span>
    </p>
   </div>
   <div class='ocr_carea' id='block_1_5' title="bbox 260 2755 2491 4304">
    <p class='ocr_par' dir='ltr' id='par_1_9' title="bbox 269 2755 2490 2936">
     <span class='ocr_line' id='line_1_21' title="bbox 269 2755 2485 2840; baseline -0.005 -16"><span class='ocrx_word' id='word_1_163' title='bbox 269 2767 432 2833; x_wconf 77' lang='lat'>1705</span> <span class='ocrx_word' id='word_1_164' title='bbox 477 2759 709 2840; x_wconf 76' lang='lat' dir='ltr'>Lipsiae.</span> <span class='ocrx_word' id='word_1_165' title='bbox 758 2770 816 2822; x_wconf 93' lang='lat'>8.</span> <span class='ocrx_word' id='word_1_166' title='bbox 859 2760 932 2821; x_wconf 92' lang='lat' dir='ltr'>C.</span> <span class='ocrx_word' id='word_1_167' title='bbox 961 2758 1101 2821; x_wconf 88' lang='lat' dir='ltr'>Julii</span> <span class='ocrx_word' id='word_1_168' title='bbox 1131 2758 1380 2822; x_wconf 80' lang='lat' dir='ltr'>Caesaris</span> <span class='ocrx_word' id='word_1_169' title='bbox 1413 2758 1816 2820; x_wconf 88' lang='lat' dir='ltr'>commentarii</span> <span class='ocrx_word' id='word_1_170' title='bbox 1856 2758 1931 2818; x_wconf 90' lang='lat' dir='ltr'>de</span> <span class='ocrx_word' id='word_1_171' title='bbox 1974 2757 2132 2818; x_wconf 86' lang='lat' dir='ltr'>bello</span> <span class='ocrx_word' id='word_1_172' title='bbox 2162 2755 2397 2818; x_wconf 85' lang='lat' dir='ltr'>Gallico</span> <span class='ocrx_word' id='word_1_173' title='bbox 2424 2763 2485 2813; x_wconf 86' lang='lat' dir='ltr'>et</span> 
     </span>
     <span class='ocr_line' id='line_1_22' title="bbox 352 2852 2490 2936; baseline -0.004 -18"><span class='ocrx_word' id='word_1_174' title='bbox 352 2858 547 2928; x_wconf 81' lang='lat' dir='ltr'>Civili,</span> <span class='ocrx_word' id='word_1_175' title='bbox 595 2861 734 2917; x_wconf 49' lang='grc' dir='ltr'>ἅπερ</span> <span class='ocrx_word' id='word_1_176' title='bbox 798 2856 1259 2936; x_wconf 81' lang='lat' dir='ltr'>christophorus</span> <span class='ocrx_word' id='word_1_177' title='bbox 1282 2856 1568 2916; x_wconf 82' lang='lat' dir='ltr'>Cellarius</span> <span class='ocrx_word' id='word_1_178' title='bbox 1596 2855 1894 2917; x_wconf 82' lang='lat' dir='ltr'>recensuit</span> <span class='ocrx_word' id='word_1_179' title='bbox 1920 2865 1981 2915; x_wconf 90' lang='lat' dir='ltr'>et</span> <span class='ocrx_word' id='word_1_180' title='bbox 2021 2855 2179 2915; x_wconf 88' lang='lat' dir='ltr'>notis</span> <span class='ocrx_word' id='word_1_181' title='bbox 2216 2874 2289 2916; x_wconf 84' lang='lat' dir='ltr'>ac</span> <span class='ocrx_word' id='word_1_182' title='bbox 2320 2852 2490 2912; x_wconf 84' lang='lat' dir='ltr'>novis</span> 
     </span>
    </p>

    <p class='ocr_par' dir='ltr' id='par_1_10' title="bbox 267 2949 2491 3717">
     <span class='ocr_line' id='line_1_23' title="bbox 267 2949 2491 3034; baseline -0.003 -19"><span class='ocrx_word' id='word_1_183' title='bbox 267 3021 276 3030; x_wconf 60' lang='lat'>‚</span> <span class='ocrx_word' id='word_1_184' title='bbox 350 2954 576 3015; x_wconf 87' lang='lat' dir='ltr'>tabulis</span> <span class='ocrx_word' id='word_1_185' title='bbox 602 2954 1012 3034; x_wconf 75' lang='lat' dir='ltr'>geographicis</span> <span class='ocrx_word' id='word_1_186' title='bbox 1040 2953 1708 3033; x_wconf 82' lang='lat' dir='ltr'>illustravit.—-Optima</span> <span class='ocrx_word' id='word_1_187' title='bbox 1734 2953 1939 3014; x_wconf 88' lang='lat' dir='ltr'>editio.</span> <span class='ocrx_word' id='word_1_188' title='bbox 2011 2951 2296 3023; x_wconf 84' lang='lat' dir='ltr'>Quamvis</span> <span class='ocrx_word' id='word_1_189' title='bbox 2335 2949 2491 3010; x_wconf 87' lang='lat' dir='ltr'>enim</span> 
     </span>
     <span class='ocr_line' id='line_1_24' title="bbox 351 3050 2489 3130; baseline -0.003 -17"><span class='ocrx_word' id='word_1_190' title='bbox 351 3051 640 3113; x_wconf 78' lang='lat' dir='ltr'>cellarius</span> <span class='ocrx_word' id='word_1_191' title='bbox 669 3052 791 3130; x_wconf 86' lang='lat' dir='ltr'>ipse</span> <span class='ocrx_word' id='word_1_192' title='bbox 819 3051 1000 3111; x_wconf 88' lang='lat' dir='ltr'>codd.</span> <span class='ocrx_word' id='word_1_193' title='bbox 1033 3072 1146 3112; x_wconf 85' lang='lat' dir='ltr'>uon</span> <span class='ocrx_word' id='word_1_194' title='bbox 1179 3072 1319 3112; x_wconf 89' lang='lat' dir='ltr'>usus</span> <span class='ocrx_word' id='word_1_195' title='bbox 1349 3052 1446 3123; x_wconf 86' lang='lat' dir='ltr'>sit,</span> <span class='ocrx_word' id='word_1_196' title='bbox 1478 3052 1628 3112; x_wconf 89' lang='lat' dir='ltr'>bene</span> <span class='ocrx_word' id='word_1_197' title='bbox 1648 3050 1923 3112; x_wconf 81' lang='lat' dir='ltr'>adhibuit</span> <span class='ocrx_word' id='word_1_198' title='bbox 1943 3061 2138 3112; x_wconf 85' lang='lat' dir='ltr'>tamen</span> <span class='ocrx_word' id='word_1_199' title='bbox 2163 3050 2312 3119; x_wconf 70' lang='lat' dir='ltr'>illos»,</span> <span class='ocrx_word' id='word_1_200' title='bbox 2337 3067 2489 3126; x_wconf 89' lang='lat' dir='ltr'>quos</span> 
     </span>
     <span class='ocr_line' id='line_1_25' title="bbox 349 3147 2487 3228; baseline -0.002 -20"><span class='ocrx_word' id='word_1_201' title='bbox 349 3147 490 3208; x_wconf 88' lang='lat' dir='ltr'>olim</span> <span class='ocrx_word' id='word_1_202' title='bbox 523 3148 712 3208; x_wconf 78' lang='lat' dir='ltr'>Mieh.</span> <span class='ocrx_word' id='word_1_203' title='bbox 745 3150 985 3220; x_wconf 84' lang='lat' dir='ltr'>Brutus,</span> <span class='ocrx_word' id='word_1_204' title='bbox 1017 3149 1084 3208; x_wconf 84' lang='lat' dir='ltr'>F.</span> <span class='ocrx_word' id='word_1_205' title='bbox 1115 3149 1380 3219; x_wconf 85' lang='lat' dir='ltr'>Ursinus,</span> <span class='ocrx_word' id='word_1_206' title='bbox 1413 3148 1481 3208; x_wconf 91' lang='lat' dir='ltr'>P.</span> <span class='ocrx_word' id='word_1_207' title='bbox 1506 3149 1861 3209; x_wconf 81' lang='lat' dir='ltr'>Ciuccouius</span> <span class='ocrx_word' id='word_1_208' title='bbox 1892 3149 2108 3228; x_wconf 84' lang='lat' dir='ltr'>aliique</span> <span class='ocrx_word' id='word_1_209' title='bbox 2135 3147 2487 3216; x_wconf 75' lang='lat' dir='ltr'>evolverunt,</span> 
     </span>
     <span class='ocr_line' id='line_1_26' title="bbox 352 3246 2487 3326; baseline -0.003 -19"><span class='ocrx_word' id='word_1_210' title='bbox 352 3246 632 3326; x_wconf 78' lang='lat' dir='ltr'>antiquas</span> <span class='ocrx_word' id='word_1_211' title='bbox 688 3248 830 3308; x_wconf 87' lang='lat' dir='ltr'>edd.</span> <span class='ocrx_word' id='word_1_212' title='bbox 882 3247 1190 3325; x_wconf 77' lang='lat' dir='ltr'>variasque</span> <span class='ocrx_word' id='word_1_213' title='bbox 1247 3246 1660 3325; x_wconf 76' lang='lat' dir='ltr'>castigationes</span> <span class='ocrx_word' id='word_1_214' title='bbox 1714 3258 1893 3326; x_wconf 82' lang='lat' dir='ltr'>etque</span> <span class='ocrx_word' id='word_1_215' title='bbox 1948 3247 2487 3324; x_wconf 83' lang='lat' dir='ltr'>interpretamenta,</span> 
     </span>
     <span class='ocr_line' id='line_1_27' title="bbox 349 3341 2488 3424; baseline -0.002 -22"><span class='ocrx_word' id='word_1_216' title='bbox 349 3344 606 3404; x_wconf 80' lang='lat' dir='ltr'>maxime</span> <span class='ocrx_word' id='word_1_217' title='bbox 629 3344 806 3405; x_wconf 86' lang='lat' dir='ltr'>Dion.</span> <span class='ocrx_word' id='word_1_218' title='bbox 831 3345 1024 3404; x_wconf 88' lang='lat' dir='ltr'>Vossii</span> <span class='ocrx_word' id='word_1_219' title='bbox 1047 3366 1081 3404; x_wconf 92' lang='lat' dir='ltr'>a</span> <span class='ocrx_word' id='word_1_220' title='bbox 1110 3345 1351 3405; x_wconf 79' lang='lat' dir='ltr'>Graevio</span> <span class='ocrx_word' id='word_1_221' title='bbox 1379 3344 1436 3403; x_wconf 90' lang='lat' dir='ltr'>in</span> <span class='ocrx_word' id='word_1_222' title='bbox 1479 3346 1673 3406; x_wconf 86' lang='lat' dir='ltr'>lucem</span> <span class='ocrx_word' id='word_1_223' title='bbox 1703 3347 2045 3424; x_wconf 88' lang='lat' dir='ltr'>productas.</span> <span class='ocrx_word' id='word_1_224' title='bbox 2128 3344 2245 3403; x_wconf 90' lang='lat' dir='ltr'>Sed</span> <span class='ocrx_word' id='word_1_225' title='bbox 2272 3352 2333 3401; x_wconf 87' lang='lat' dir='ltr'>et</span> <span class='ocrx_word' id='word_1_226' title='bbox 2359 3341 2488 3420; x_wconf 88' lang='lat' dir='ltr'>ipse</span> 
     </span>
     <span class='ocr_line' id='line_1_28' title="bbox 351 3439 2490 3521; baseline -0.001 -22"><span class='ocrx_word' id='word_1_227' title='bbox 351 3440 728 3503; x_wconf 83' lang='lat' dir='ltr'>doctissimus</span> <span class='ocrx_word' id='word_1_228' title='bbox 757 3443 846 3501; x_wconf 82' lang='lat' dir='ltr'>vir</span> <span class='ocrx_word' id='word_1_229' title='bbox 874 3443 1057 3503; x_wconf 80' lang='lat' dir='ltr'>multa</span> <span class='ocrx_word' id='word_1_230' title='bbox 1086 3465 1156 3503; x_wconf 79' lang='lat' dir='ltr'>ex</span> <span class='ocrx_word' id='word_1_231' title='bbox 1187 3462 1292 3502; x_wconf 87' lang='lat' dir='ltr'>sua</span> <span class='ocrx_word' id='word_1_232' title='bbox 1319 3463 1479 3521; x_wconf 88' lang='lat' dir='ltr'>penu</span> <span class='ocrx_word' id='word_1_233' title='bbox 1507 3443 1773 3521; x_wconf 82' lang='lat' dir='ltr'>protulit,</span> <span class='ocrx_word' id='word_1_234' title='bbox 1789 3442 2060 3521; x_wconf 87' lang='lat' dir='ltr'>notisque</span> <span class='ocrx_word' id='word_1_235' title='bbox 2092 3439 2403 3500; x_wconf 78' lang='lat' dir='ltr'>utilissimis</span> <span class='ocrx_word' id='word_1_236' title='bbox 2427 3446 2490 3498; x_wconf 90' lang='lat' dir='ltr'>et</span> 
     </span>
     <span class='ocr_line' id='line_1_29' title="bbox 359 3535 2490 3632; baseline -0.002 -31"><span class='ocrx_word' id='word_1_237' title='bbox 359 3539 578 3601; x_wconf 79' lang='lat' dir='ltr'>tabuiis</span> <span class='ocrx_word' id='word_1_238' title='bbox 601 3556 694 3598; x_wconf 82' lang='lat' dir='ltr'>vl.</span> <span class='ocrx_word' id='word_1_239' title='bbox 727 3559 922 3619; x_wconf 83' lang='lat' dir='ltr'>geogr.</span> <span class='ocrx_word' id='word_1_240' title='bbox 960 3535 1253 3600; x_wconf 79' lang='lat' dir='ltr'>auctorem</span> <span class='ocrx_word' id='word_1_241' title='bbox 1297 3541 1626 3612; x_wconf 78' lang='lat' dir='ltr'>illustravit,</span> <span class='ocrx_word' id='word_1_242' title='bbox 1657 3540 1911 3632; x_wconf 62' lang='lat' dir='ltr'>denique</span> <span class='ocrx_word' id='word_1_243' title='bbox 1955 3538 2188 3599; x_wconf 85' lang='lat' dir='ltr'>Iudices</span> <span class='ocrx_word' id='word_1_244' title='bbox 2231 3536 2490 3617; x_wconf 85' lang='lat' dir='ltr'>locuple-</span> 
     </span>
     <span class='ocr_line' id='line_1_30' title="bbox 345 3637 1689 3717; baseline -0.001 -19"><span class='ocrx_word' id='word_1_245' title='bbox 345 3637 520 3698; x_wconf 81' lang='lat' dir='ltr'>tavit.</span> <span class='ocrx_word' id='word_1_246' title='bbox 607 3637 761 3696; x_wconf 85' lang='lat' dir='ltr'>Hiuc</span> <span class='ocrx_word' id='word_1_247' title='bbox 792 3657 863 3697; x_wconf 88' lang='lat' dir='ltr'>ea</span> <span class='ocrx_word' id='word_1_248' title='bbox 874 3638 1017 3716; x_wconf 85' lang='lat' dir='ltr'>jure</span> <span class='ocrx_word' id='word_1_249' title='bbox 1044 3658 1148 3698; x_wconf 87' lang='lat' dir='ltr'>suo</span> <span class='ocrx_word' id='word_1_250' title='bbox 1179 3638 1393 3715; x_wconf 74' lang='lat' dir='ltr'>saepius</span> <span class='ocrx_word' id='word_1_251' title='bbox 1421 3639 1689 3717; x_wconf 82' lang='lat' dir='ltr'>repetita.</span> 
     </span>
    </p>

    <p class='ocr_par' dir='ltr' id='par_1_11' title="bbox 269 3733 2093 3816">
     <span class='ocr_line' id='line_1_31' title="bbox 269 3733 2093 3816; baseline -0.004 -16"><span class='ocrx_word' id='word_1_252' title='bbox 269 3734 433 3805; x_wconf 87' lang='lat'><strong>1706</strong></span> <span class='ocrx_word' id='word_1_253' title='bbox 479 3733 750 3794; x_wconf 90' lang='lat' dir='ltr'>Londini.</span> <span class='ocrx_word' id='word_1_254' title='bbox 783 3745 841 3797; x_wconf 89' lang='lat'>8.</span> <span class='ocrx_word' id='word_1_255' title='bbox 889 3739 1100 3816; x_wconf 86' lang='lat' dir='ltr'>Repet.</span> <span class='ocrx_word' id='word_1_256' title='bbox 1131 3738 1223 3796; x_wconf 88' lang='lat' dir='ltr'>ed.</span> <span class='ocrx_word' id='word_1_257' title='bbox 1256 3736 1522 3797; x_wconf 88' lang='lat' dir='ltr'>Goduiui</span> <span class='ocrx_word' id='word_1_258' title='bbox 1546 3737 1605 3796; x_wconf 90' lang='lat' dir='ltr'>in</span> <span class='ocrx_word' id='word_1_259' title='bbox 1637 3756 1807 3796; x_wconf 87' lang='lat' dir='ltr'>usum</span> <span class='ocrx_word' id='word_1_260' title='bbox 1842 3735 2058 3813; x_wconf 86' lang='lat' dir='ltr'>Delph.</span> <span class='ocrx_word' id='word_1_261' title='bbox 2088 3803 2093 3808; x_wconf 31' lang='lat'>¹</span> 
     </span>
    </p>

    <p class='ocr_par' dir='ltr' id='par_1_12' title="bbox 260 3832 2485 4304">
     <span class='ocr_line' id='line_1_32' title="bbox 260 3832 2482 3913; baseline -0.001 -21"><span class='ocrx_word' id='word_1_262' title='bbox 260 3866 347 3880; x_wconf 91' lang='lat'>--</span> <span class='ocrx_word' id='word_1_263' title='bbox 388 3832 806 3911; x_wconf 82' lang='lat' dir='ltr'>Cantabrigiae.</span> <span class='ocrx_word' id='word_1_264' title='bbox 852 3841 911 3893; x_wconf 80' lang='lat'>4.</span> <span class='ocrx_word' id='word_1_265' title='bbox 956 3835 1027 3894; x_wconf 91' lang='lat' dir='ltr'>C.</span> <span class='ocrx_word' id='word_1_266' title='bbox 1058 3834 1198 3894; x_wconf 83' lang='lat' dir='ltr'>Juiii</span> <span class='ocrx_word' id='word_1_267' title='bbox 1227 3835 1473 3896; x_wconf 66' lang='lat' dir='ltr'>Caesaris</span> <span class='ocrx_word' id='word_1_268' title='bbox 1503 3856 1639 3913; x_wconf 81' lang='lat' dir='ltr'>quae</span> <span class='ocrx_word' id='word_1_269' title='bbox 1666 3844 1870 3894; x_wconf 80' lang='lat' dir='ltr'>extant</span> <span class='ocrx_word' id='word_1_270' title='bbox 1895 3832 2114 3893; x_wconf 85' lang='lat' dir='ltr'>omnia.</span> <span class='ocrx_word' id='word_1_271' title='bbox 2173 3832 2262 3890; x_wconf 87' lang='lat' dir='ltr'>Ex</span> <span class='ocrx_word' id='word_1_272' title='bbox 2283 3849 2482 3894; x_wconf 81' lang='lat' dir='ltr'>recen-</span> 
     </span>
     <span class='ocr_line' id='line_1_33' title="bbox 346 3927 2481 4010; baseline -0.001 -21"><span class='ocrx_word' id='word_1_273' title='bbox 346 3929 507 3990; x_wconf 86' lang='lat' dir='ltr'>sione</span> <span class='ocrx_word' id='word_1_274' title='bbox 551 3929 794 3989; x_wconf 86' lang='lat' dir='ltr'>Joaunis</span> <span class='ocrx_word' id='word_1_275' title='bbox 839 3931 1076 4004; x_wconf 83' lang='lat' dir='ltr'>Davisii,</span> <span class='ocrx_word' id='word_1_276' title='bbox 1107 3953 1245 3993; x_wconf 84' lang='lat' dir='ltr'>cum</span> <span class='ocrx_word' id='word_1_277' title='bbox 1275 3933 1547 4010; x_wconf 82' lang='lat' dir='ltr'>ejusdem</span> <span class='ocrx_word' id='word_1_278' title='bbox 1582 3930 2186 3992; x_wconf 86' lang='lat' dir='ltr'>animadversionibus</span> <span class='ocrx_word' id='word_1_279' title='bbox 2226 3948 2297 3988; x_wconf 88' lang='lat' dir='ltr'>ac</span> <span class='ocrx_word' id='word_1_280' title='bbox 2325 3927 2481 3987; x_wconf 85' lang='lat' dir='ltr'>notis</span> 
     </span>
     <span class='ocr_line' id='line_1_34' title="bbox 347 4022 2483 4100; baseline -0.002 -15"><span class='ocrx_word' id='word_1_281' title='bbox 347 4026 511 4086; x_wconf 84' lang='lat' dir='ltr'>Petri</span> <span class='ocrx_word' id='word_1_282' title='bbox 565 4026 893 4099; x_wconf 85' lang='lat' dir='ltr'>Ciaccouii,</span> <span class='ocrx_word' id='word_1_283' title='bbox 943 4031 1034 4089; x_wconf 84' lang='lat' dir='ltr'>Fr.</span> <span class='ocrx_word' id='word_1_284' title='bbox 1089 4030 1469 4099; x_wconf 78' lang='lat' dir='ltr'>Hotomanui,</span> <span class='ocrx_word' id='word_1_285' title='bbox 1513 4032 1612 4091; x_wconf 89' lang='lat' dir='ltr'>Jo.</span> <span class='ocrx_word' id='word_1_286' title='bbox 1666 4028 1908 4100; x_wconf 86' lang='lat' dir='ltr'>Brautii,</span> <span class='ocrx_word' id='word_1_287' title='bbox 1968 4026 2144 4085; x_wconf 86' lang='lat' dir='ltr'>Dion.</span> <span class='ocrx_word' id='word_1_288' title='bbox 2191 4022 2375 4082; x_wconf 86' lang='lat' dir='ltr'>Vossii</span> <span class='ocrx_word' id='word_1_289' title='bbox 2421 4030 2483 4081; x_wconf 89' lang='lat' dir='ltr'>et</span> 
     </span>
     <span class='ocr_line' id='line_1_35' title="bbox 346 4118 2483 4206; baseline -0.002 -23"><span class='ocrx_word' id='word_1_290' title='bbox 346 4121 619 4183; x_wconf 81' lang='lat' dir='ltr'>aliorum.</span> <span class='ocrx_word' id='word_1_291' title='bbox 675 4126 988 4184; x_wconf 82' lang='lat' dir='ltr'>Accessere</span> <span class='ocrx_word' id='word_1_292' title='bbox 1031 4126 1415 4204; x_wconf 84' lang='lat' dir='ltr'>metaphrasis</span> <span class='ocrx_word' id='word_1_293' title='bbox 1461 4146 1655 4206; x_wconf 81' lang='lat' dir='ltr'>graeca</span> <span class='ocrx_word' id='word_1_294' title='bbox 1706 4126 1991 4186; x_wconf 88' lang='lat' dir='ltr'>librorum</span> <span class='ocrx_word' id='word_1_295' title='bbox 2043 4138 2167 4182; x_wconf 84' lang='lat' dir='ltr'>vu.</span> <span class='ocrx_word' id='word_1_296' title='bbox 2211 4120 2287 4179; x_wconf 89' lang='lat' dir='ltr'>de</span> <span class='ocrx_word' id='word_1_297' title='bbox 2328 4118 2483 4179; x_wconf 85' lang='lat' dir='ltr'>bello</span> 
     </span>
     <span class='ocr_line' id='line_1_36' title="bbox 348 4216 2485 4304; baseline -0.003 -21"><span class='ocrx_word' id='word_1_298' title='bbox 348 4218 515 4294; x_wconf 75' lang='lat' dir='ltr'>Gau.</span> <span class='ocrx_word' id='word_1_299' title='bbox 539 4238 650 4282; x_wconf 87' lang='lat' dir='ltr'>uec</span> <span class='ocrx_word' id='word_1_300' title='bbox 697 4241 814 4282; x_wconf 91' lang='lat' dir='ltr'>nou</span> <span class='ocrx_word' id='word_1_301' title='bbox 855 4220 1080 4285; x_wconf 89' lang='lat' dir='ltr'>iudices</span> <span class='ocrx_word' id='word_1_302' title='bbox 1107 4225 1436 4288; x_wconf 83' lang='lat' dir='ltr'>necessarii.</span> <span class='ocrx_word' id='word_1_303' title='bbox 1478 4225 1895 4304; x_wconf 76' lang='lat' dir='ltr'>Cmtabrigiae,</span> <span class='ocrx_word' id='word_1_304' title='bbox 1943 4220 2102 4301; x_wconf 79' lang='lat' dir='ltr'>typis</span> <span class='ocrx_word' id='word_1_305' title='bbox 2144 4216 2334 4279; x_wconf 83' lang='lat' dir='ltr'>Acad.</span> <span class='ocrx_word' id='word_1_306' title='bbox 2370 4218 2485 4277; x_wconf 85' lang='lat' dir='ltr'>Im·</span> 
     </span>
    </p>
   </div>
   <div class='ocr_carea' id='block_1_6' title="bbox 3009 1581 3015 2427">
    <p class='ocr_par' dir='ltr' id='par_1_13' title="bbox 3009 1581 3015 2427">
     <span class='ocr_line' id='line_1_37' title="bbox 3009 1581 3015 2427; baseline 0 0"><span class='ocrx_word' id='word_1_307' title='bbox 3009 1581 3015 2427; x_wconf 95' lang='lat' dir='ltr'> </span> 
     </span>
    </p>
   </div>
   <div class='ocr_carea' id='block_1_7' title="bbox 3012 2730 3017 3534">
    <p class='ocr_par' dir='ltr' id='par_1_14' title="bbox 3012 2730 3017 3534">
     <span class='ocr_line' id='line_1_38' title="bbox 3012 2730 3017 3534; baseline 0 0"><span class='ocrx_word' id='word_1_308' title='bbox 3012 2730 3017 3534; x_wconf 95' lang='lat' dir='ltr'> </span> 
     </span>
    </p>
   </div>
  </div>
 </body>
</html>
