3017 4925
503 407 676 479 1816
1148 421 1207 472 J.
1253 418 1468 470 cmm
1521 418 2059 470 commmunia

499 596 681 655 genus
696 575 976 648 exercuit,
990 573 1208 656 quibus
1219 573 1294 634 ad
1318 584 1597 635 terrorem
1609 582 1954 633 caeterorum
1974 571 2231 652 praecisis
2248 570 2703 632 manibusvitsm

498 673 687 734 dedit.
768 674 880 734 Per
906 672 1016 733 hos
1044 674 1198 751 ipsos
1224 672 1350 734 dies
1379 671 1672 735 Labienus
1697 670 1958 751 equestri
1997 670 2198 748 proelio
2223 671 2513 731 Treveros
2546 668 2704 739 vicit,

499 770 673 848 [169]
693 772 1030 850 multosque
1056 790 1255 832 eorum
1284 791 1354 830 ac
1370 771 1802 830 Germanorum
1826 769 1930 847 qui
1948 769 2030 828 eis
2050 769 2297 829 tulerant
2318 766 2721 845 tulissentque-

499 867 773 929 omnibus
802 878 1008 928 contra
1046 868 1341 929 Romanos
1380 867 1677 938 auxilium,
1707 866 1998 927 interfecit
2023 886 2038 925 t
2082 865 2300 926 multos
2331 885 2403 925 ex
2433 864 2719 943 principi--

500 964 611 1024 bus
629 965 791 1026 vivos
810 967 972 1045 cepit
988 989 1004 1038 ;
1043 974 1115 1026 'et
1143 966 1447 1027 Lucterius
1477 964 1786 1026 Cadurcus
1809 984 1984 1043 quem
2009 964 2224 1024 victum
2253 982 2289 1022 a
2317 962 2543 1025 Cannio
2574 982 2707 1042 pro·

499 1060 715 1140 fugisse
756 1063 1096 1135 memoravi,
1141 1083 1274 1123 cum
1322 1062 1673 1123 creberrime
1721 1072 1974 1122 mutaret
2017 1060 2293 1140 hospitia,
2338 1070 2407 1123 ut
2446 1061 2548 1139 qui
2593 1061 2705 1121 sihi

498 1159 647 1219 male
689 1160 963 1220 conscius
1009 1179 1293 1239 nusquam
1340 1168 1532 1219 tutum
1578 1179 1642 1218 se
1688 1168 1953 1238 putaret:
2014 1168 2076 1218 et
2116 1158 2202 1217 sic
2231 1176 2410 1235 vagus
2458 1158 2606 1218 forte
2645 1158 2705 1219 in

497 1274 703 1316 manus
731 1256 981 1316 venisset
1019 1255 1370 1335 Erpasnacti
1399 1256 1653 1326 Alvcrni,
1682 1254 1785 1334 qui
1815 1255 1965 1314 inter
2001 1265 2087 1315 tot
2118 1255 2322 1333 patriae
2359 1274 2482 1315 suae
2510 1265 2705 1315 motus

497 1371 729 1432 semper
752 1354 1068 1414 amicitiam
1111 1353 1317 1433 populi
1345 1353 1595 1413 Romani
1625 1373 1742 1413 uno
1784 1352 1923 1413 fidei
1964 1362 2164 1413 tenore
2211 1361 2563 1424 servaverat,
2603 1371 2710 1431 per

496 1469 629 1510 eum
680 1450 908 1510 vinctus
952 1450 1026 1510 ad
1057 1451 1348 1511 Caesarem
1391 1460 1480 1509 est
1508 1448 1850 1528 perductus.
1918 1450 2119 1509 Rebus
2154 1450 2356 1527 itaque
2397 1450 2471 1509 ad
2505 1459 2707 1511 votum

496 1545 837 1619 fluentibus,
860 1549 1057 1608 Caesar
1080 1548 1241 1608 omui
1261 1548 1456 1607 Gallia
1484 1545 1808 1625 perdomita
1826 1565 1997 1607 suum
2022 1546 2297 1619 credidit,
2328 1547 2708 1625 Aquitaniam

495 1642 631 1704 licet
660 1663 766 1722 per
793 1644 1011 1724 legatos
1041 1645 1252 1706 victam
1281 1664 1387 1725 per
1411 1665 1471 1704 se
1501 1645 1683 1714 adire,
1707 1644 2046 1724 ibidemque
2075 1665 2244 1722 agere
2274 1644 2416 1723 quid
2446 1664 2711 1724 superes·

495 1751 583 1801 set
612 1744 847 1802 testatis.
905 1743 995 1802 Eo
1023 1742 1198 1822 igitur
1216 1741 1542 1822 profectus,
1572 1762 1772 1803 omnes
1803 1743 1929 1804 illas
1955 1752 2154 1812 terras,
2180 1743 2487 1816 incertum,
2511 1752 2707 1803 utrum

496 1837 704 1916 majori
755 1839 1038 1900 felicitate
1090 1860 1165 1900 an
1219 1839 1517 1901 celeritate
1568 1842 1937 1920 composuit:
1996 1861 2130 1903 cum
2186 1841 2453 1902 certatim
2506 1861 2711 1901 omnes

496 1935 687 2014 primo
706 1936 834 2017 ejus
859 1936 1115 1999 adventu
1136 1949 1197 2000 et
1225 1937 1468 1998 obsides
1484 1938 1559 2000 ad
1581 1959 1713 1999 eum
1742 1939 2059 2009 mitterent,
2084 1948 2146 1999 et
2172 1939 2415 2017 legatos,
2435 1938 2710 2017 eligentes

496 2032 951 2095 benivolentiam
1008 2036 1157 2097 tanti
1206 2035 1315 2095 viri
1368 2036 1562 2115 potius
1616 2056 1795 2115 quam
1840 2035 2164 2116 potentiam
2210 2035 2479 2115 experiri.
2566 2036 2710 2098 lude

496 2130 840 2191 Narbonam
882 2132 1048 2205 adiit,
1093 2131 1416 2211 divisisque
1467 2131 1796 2211 legionibus
1844 2152 1952 2212 per
1998 2133 2279 2213 hyberna,
2307 2132 2393 2192 sic
2444 2144 2509 2193 ut
2548 2133 2711 2194 nulla

495 2246 632 2306 pars
660 2229 876 2289 Galliae
906 2230 1189 2308 praesidiis
1215 2250 1398 2292 vacus
1428 2240 1600 2303 esset,
1631 2231 1752 2311 ipsc
1780 2230 2028 2310 cognitis
2058 2231 2210 2292 inter
2236 2229 2496 2290 eundum
2517 2229 2709 2291 causis

495 2324 874 2414 populorum,
912 2327 988 2389 ad
1034 2329 1194 2408 quod
1235 2348 1406 2389 nemo
1448 2329 1662 2409 aptior,
1705 2349 1876 2389 nemo
1918 2328 2031 2389 fuit
2066 2326 2313 2398 facilior,
2360 2327 2611 2407 cognitis
2651 2338 2713 2389 et

497 2423 716 2485 meritis
745 2424 1122 2505 singulorum,
1165 2435 1227 2488 ct
1260 2446 1372 2507 pro
1401 2425 1680 2487 varietate
1716 2425 2055 2487 meritorum
2085 2427 2276 2504 poenis
2315 2433 2419 2486 aut
2461 2426 2713 2506 praemiis

494 2522 830 2601 assignatis;
869 2524 979 2584 iter
1001 2523 1163 2585 flexit
1183 2523 1240 2584 in
1260 2523 1495 2603 Belgas:
1528 2522 1611 2583 ibi
1639 2524 1967 2603 proximam
1999 2521 2266 2603 hyemem
2285 2522 2431 2601 egit:
2460 2541 2710 2602 corpore

492 2617 690 2681 forsan
738 2622 1001 2693 otiosior,
1030 2642 1207 2701 quam
1239 2631 1433 2694 oetate,
1479 2621 1585 2682 sed
1629 2642 1747 2682 non
1794 2621 2030 2682 animo:
2085 2629 2150 2680 et
2173 2638 2532 2700 quamquam
2564 2639 2713 2699 pre-

492 2718 691 2779 teritas
729 2739 838 2799 per
882 2719 1120 2800 hyemes
1147 2720 1222 2779 ad
1266 2719 1637 2798 sequentium
1665 2736 1892 2796 semper
1933 2726 2205 2777 astatum
2232 2717 2385 2776 bella
2425 2716 2710 2779 sollicitus

493 2815 715 2885 suisset,
743 2836 899 2877 nuuc
941 2835 1055 2876 una
1097 2816 1181 2876 illi
1208 2836 1352 2877 cura
1397 2826 1523 2876 erat
1560 2835 1732 2876 omne
1781 2815 1917 2876 belli
1942 2833 2138 2875 semen
2176 2814 2535 2892 extinguere,
2562 2814 2710 2875 nihil

490 2914 679 2983 armis,
710 2913 812 2972 sed
842 2914 1037 2972 omnia
1057 2913 1297 2973 mitibus
1317 2913 1484 2986 actis,
1509 2912 1790 2973 dulcibus
1813 2912 2003 2971 verbis
2024 2930 2219 2991 agere,
2241 2912 2463 2973 amicos
2484 2921 2708 2972 veteres

493 3029 739 3082 servare,
771 3028 958 3068 novos
984 3028 1265 3087 quaercre,
1296 3009 1440 3069 nulli
1467 3010 1685 3069 malum
1713 3008 1930 3081 facere,
1961 3010 2116 3069 bona
2143 3007 2433 3081 omnibns,
2463 3009 2544 3069 nil
2571 3008 2711 3069 novi

493 3105 742 3184 ⁸⁵operis
767 3107 1065 3185 imponere
1092 3105 1290 3165 multis
1320 3103 1587 3166 ⁸⁶veteris
1608 3106 1701 3165 vel
1730 3105 1991 3166 minuere
2019 3105 2110 3166 vel
2140 3104 2407 3165 auferret
2453 3104 2711 3185 denique

493 3203 680 3265 modis
704 3204 978 3264 omnibus
1006 3222 1230 3275 curare,
1263 3213 1328 3263 ut
1357 3202 1665 3264 discedens
1694 3213 1964 3282 pacatam
2004 3202 2357 3282 relinqueret
2382 3202 2709 3283 regionemz

489 3311 552 3363 ct
602 3311 864 3362 cessante
912 3300 1066 3361 bello
1108 3299 1185 3360 ad
1236 3302 1601 3382 triumphum
1645 3301 1894 3371 rediens,
1933 3301 2216 3362 victorem
2260 3300 2583 3362 exercitum
2625 3322 2712 3363 re·

492 3398 755 3471 duceret,
787 3398 949 3478 quod
1000 3398 1110 3458 sibi
1150 3398 1490 3477 contingere
1532 3399 1688 3460 bello
1724 3398 1971 3460 durante
2020 3417 2137 3458 non
2166 3406 2430 3478 poterat:
2480 3397 2710 3459 effecit-

492 3517 609 3576 que
628 3505 862 3576 sperato
885 3516 1125 3577 quoque
1143 3496 1367 3557 facilius
1387 3497 1549 3576 quod
1570 3498 1852 3577 optabat:
1896 3496 2068 3576 [170]
2096 3514 2228 3556 uam
2247 3505 2306 3555 et
2329 3496 2456 3574 ipse
2471 3495 2548 3557 ad
2572 3496 2713 3558 talia

491 3583 721 3672 semper
766 3573 1030 3655 omnium
1070 3593 1552 3656 efficacissimus:
1607 3613 1719 3655 nec
1762 3593 1917 3653 bello
1947 3612 2125 3672 quam
2167 3592 2552 3662 affabilitate;
2603 3613 2711 3653 ncc

495 3704 654 3753 metu
683 3711 859 3769 quam
890 3692 1207 3752 conciliatu
1258 3691 1559 3752 hominum
1601 3690 1822 3769 major:
1879 3699 1940 3751 et
1984 3689 2137 3749 sessa
2186 3688 2351 3749 bellis
2379 3689 2583 3750 Gallia
2612 3710 2717 3770 ap·

489 3788 892 3867 petentissima
947 3791 1108 3867 pacis
1158 3798 1320 3848 erat:
1391 3806 1464 3847 eo
1513 3805 1753 3866 quoquc
1797 3787 1997 3866 magis,
2037 3805 2161 3865 quo
2200 3796 2272 3845 et
2317 3785 2438 3846 dux
2481 3806 2714 3867 semper

490 3896 699 3946 natura
728 3884 905 3954 mitis,
935 3905 1094 3946 nuuc
1123 3884 1459 3945 mitissimus
1481 3904 1500 3943 ι
1557 3893 1618 3944 et
1645 3883 1892 3961 parendi
1917 3882 2251 3944 melioribus
2269 3882 2534 3944 conditio
2563 3905 2715 3945 sem·

488 4003 592 4062 per
620 3982 955 4054 tolerabiliS,
986 4002 1140 4042 nunc
1182 3980 1459 4061 optabilis
1499 3999 1572 4039 ac
1602 3979 1872 4040 libertate
1900 3979 2132 4040 ”anxia
2158 3979 2497 4041 videbatur.
2576 3982 2709 4060 lpse

490 4082 726 4161 quidem
759 4080 1033 4159 hybernis
1063 4079 1288 4140 exactis
1315 4077 1474 4157 apud
1496 4076 1737 4160 Belgas„
1748 4076 1872 4155 jam
1900 4075 2247 4157 praesagiens
2279 4076 2447 4138 civile
2470 4078 2708 4150 bellum,

863 4309 922 4356 85
953 4302 1111 4366 chc,
1132 4305 1299 4352 oneris,
1323 4333 1332 4338 ⁴
1368 4308 1431 4352 86
1457 4297 1616 4368 L'cgc,
1639 4308 1861 4354 rctcra.·-
1887 4308 1948 4352 87
1978 4304 2154 4368 Forte,
2173 4305 2344 4367 potior.
