3017 4925
496 374 675 447 2⁰40
1209 384 1525 436 norma
1572 383 1999 435 numnis

497 533 780 597 Galliam.
859 531 1062 592 Justus
1087 549 1328 609 qnoque
1357 528 1590 608 Lipsius
1616 528 1937 608 aliquando
1962 525 2197 607 putavit
2220 525 2399 588 alium
2425 544 2582 602 esse,
2600 526 2708 608 μ’

493 631 761 693 debello
797 628 1055 697 Gallico,
1104 637 1165 687 et
1204 628 1306 707 qui
1331 628 1409 687 de
1449 626 1605 687 civili
1649 626 1997 706 scripsisset,
2024 626 2115 686 vel
2162 624 2369 687 saltem
2402 625 2591 687 libros
2630 624 2709 686 de

484 729 660 791 —bello
683 727 920 787 Gallico
959 746 992 784 a
1035 725 1195 786 Julio
1245 726 1422 785 Celso
1462 725 1848 804 interpolatos
1888 724 1964 784 sd
1994 743 2100 784 nos
2142 724 2496 803 pervenisse,
2538 738 2621 785 11.
2648 731 2709 793 7.

500 825 762 887 Elector.
808 833 868 885 et
897 840 977 883 11.
1007 824 1376 901 Epistolicar.
1423 830 1631 901 quaest.
1660 833 1720 883 et
1760 823 1817 882 in
1858 831 2122 883 extremo
2169 822 2595 881 Analectorum
2632 819 2708 881 ad

498 921 607 983 lib.
640 939 718 982 11.
749 919 824 980 de
845 920 1050 980 militia
1079 922 1363 982 Romam.
1433 920 1609 980 Certe
1640 939 1817 979 unnim
1838 919 2210 999 eundemque
2236 920 2535 979 Cursarem
2562 934 2713 990 esse,

501 1019 607 1101 qni
630 1020 707 1079 de
735 1020 889 1079 bello
917 1019 1157 1080 Gallico
1185 1018 1367 1078 libros
1389 1032 1517 1077 vn.
1539 1028 1599 1079 et
1622 1034 1734 1079 111.
1763 1015 1842 1077 de
1868 1017 2022 1078 civili
2051 1016 2305 1095 scripsit,
2323 1015 2501 1076 facile
2523 1014 2716 1075 credi·

500 1136 633 1179 mus
658 1126 720 1177 et
765 1127 1026 1177 veterum
1075 1115 1419 1177 testimoniis
1445 1125 1508 1175 et
1547 1114 1663 1174 stili
1688 1115 1983 1175 emendati
2011 1133 2083 1174 ac
2120 1112 2401 1191 simplicis
2442 1111 2714 1173 mirifice

504 1212 887 1275 similitudini.
958 1213 1166 1274 Libros
1213 1212 1288 1274 de
1318 1212 1464 1273 bello
1489 1212 1652 1273 civile·
1691 1210 2197 1273 dissertationibus
2241 1209 2621 1288 philologieis
2656 1228 2715 1273 a.

505 1310 686 1375 1641.
726 1310 1008 1371 illustrare
1050 1309 1233 1389 coepit
1273 1313 1374 1373 Jo0
1430 1309 1670 1382 Ravins,
1709 1309 2013 1371 Professor
2059 1312 2301 1370 Soranae
2343 1307 2711 1379 Academia,

505 1406 613 1471 sed
668 1407 765 1468 vix
821 1408 970 1467 ultra
1023 1406 1190 1467 binas
1245 1426 1523 1485 aspexere
1572 1405 1789 1479 lucem,
1839 1426 2089 1485 quarum
2136 1407 2322 1487 prima
2360 1404 2716 1467 illustrando

505 1506 679 1569 Ploro
709 1521 804 1567 lv.
834 1515 893 1568 2.
935 1504 1063 1582 (ubi
1081 1504 1164 1567 ,de
1193 1506 1427 1567 Caesare
1454 1504 1712 1579 disserit)
1739 1504 2119 1583 impenditur.

639 1687 826 1749 Liber
851 1688 921 1750 de
948 1689 1096 1750 bello
1123 1689 1556 1761 Alexandrino,
1584 1688 1739 1751 alins
1758 1686 1829 1750 de
1850 1687 2162 1767 Africano,
2188 1692 2247 1747 et
2275 1687 2492 1747 tertius
2516 1683 2594 1746 de
2722 1756 2731 1765 ,

819 1842 822 1845 ,
874 1786 1285 1865 Hispaniensi,
1312 1792 1555 1848 auctore
1579 1785 1662 1846 A.
1697 1786 1909 1846 Hirtio
1932 1785 2023 1846 vel
2051 1786 2118 1846 C.
2151 1786 2367 1865 Oppio.

589 1896 884 1976 subjungi
912 1898 1002 1957 his
1032 1900 1228 1959 solent
1255 1915 1305 1959 1.
1361 1898 1552 1959 Liber
1577 1899 1651 1962 de
1689 1899 1837 1961 bello
1869 1900 2126 1960 Caesars‘s
2152 1896 2584 1970 Alexandrino,
2615 1896 2717 1976 (μί

508 1991 783 2065 Hirtium,
801 2004 866 2054 ut
893 1995 1136 2067 videtur,
1164 1996 1348 2058 habet
1375 2005 1694 2069 auctorem,
1717 2008 1876 2059 certe
1900 1997 2174 2069 eundem,
2196 1997 2299 2078 qui
2324 1996 2718 2057 librumvui.

505 2088 584 2148 de
615 2088 770 2149 bello
813 2090 1051 2152 Gallico
1096 2092 1349 2154 addidit.
1394 2101 1453 2155 2.
1485 2094 1587 2155 De
1615 2094 1762 2155 bello
1799 2093 2108 2173 Africano,
2137 2092 2303 2174 quod
2344 2112 2484 2153 cum
2536 2091 2720 2164 Iuba,

508 2184 900 2248 Numidarum
928 2208 1085 2268 rege,
1113 2191 1321 2252 Caesar
1346 2191 1550 2270 gessit,
1570 2192 1739 2265 liber,
1751 2191 1964 2271 judice
1989 2192 2209 2272 Lipsio,
2237 2190 2718 2271 elegantissimus,

506 2288 687 2361 atque
715 2284 795 2345 illi
833 2286 965 2365 ipsi,
1012 2288 1114 2367 qui
1144 2288 1503 2368 superiorem
1548 2289 1799 2369 scripsit,
1849 2289 2217 2350 tribuendus.
2297 2289 2481 2349 Plura
2521 2295 2721 2348 tamen

505 2376 942 2461 interpolatoris
969 2387 1302 2448 recentioris
1330 2388 1573 2468 vestigia
1595 2387 1656 2447 in
1695 2388 1797 2449 illo
1824 2388 1981 2449 visus
2008 2397 2100 2448 est
2125 2386 2240 2449 sibi
2279 2385 2722 2466 deprehendere

505 2478 933 2543 eruditissimus
978 2484 1320 2546 Dodwellns
1362 2488 1423 2546 in
1454 2486 1594 2548 diss.
1643 2486 1722 2548 de
1747 2487 1909 2548 Julio
1936 2487 2131 2559 Celso,
2175 2493 2319 2547 sect.
2348 2501 2511 2547 vul.
2541 2485 2721 2565 cuju-

507 2587 846 2653 argumenta
884 2581 1254 2645 confutanda
1288 2583 1405 2646 sibi
1432 2584 1640 2645 sumsit
1672 2586 1771 2646 Jo.
1815 2584 2080 2646 Clericus
2119 2585 2301 2645 Tom.
2328 2599 2535 2645 xxvi.
2564 2582 2719 2644 Bibl-

507 2672 726 2736 Select.
775 2696 913 2758 pag.
963 2687 1100 2743 132.
1164 2701 1257 2761 sq.
1304 2690 1365 2745 3.
1418 2681 1607 2743 Liber
1658 2682 1730 2745 de
1768 2682 1916 2744 bello
1963 2683 2379 2764 Hispaniensi,
2418 2701 2601 2761 quem
2640 2679 2721 2741 ad

508 2769 847 2832 Cornelium
901 2776 1175 2848 Balbum,
1224 2778 1323 2838 cui
1374 2778 1594 2841 librum
1637 2794 1796 2840 vm.
1858 2778 1937 2840 de
1989 2780 2150 2841 bello
2202 2778 2443 2841 Gallico
2496 2777 2723 2840 Hirtio

489 2865 747 2941 dicavit,
775 2870 869 2930 vel
902 2872 980 2932 ad
1011 2874 1084 2935 C.
1114 2874 1379 2955 oppium
1405 2875 1586 2939 refert
1627 2877 1716 2939 vir
1739 2876 1982 2957 insignis
2001 2876 2221 2957 judicii
2248 2877 2331 2938 G.
2360 2877 2420 2937 J.
2449 2875 2721 2938 Vossius.

505 2959 596 3022 At
644 2964 957 3027 Suetonius
1006 2968 1246 3047 quidem
1293 2970 1374 3032 de
1438 2974 1633 3035 Balbo
1688 2973 1973 3048 silens,‘
2026 2973 2455 3046 Alexandrini,'
2502 2972 2722 3053 inquit,

506 3065 524 3093 ⁸
556 3058 864 3140 Africique
890 3074 954 3125 et
979 3066 1387 3146 Hispaniensis
1405 3068 1665 3131 incertus
1700 3079 1913 3133 auctor
1935 3079 2049 3132 est.
2091 3071 2209 3132 Alii
2235 3070 2393 3133 enim
2421 3070 2718 3150 Oppium-¹

507 3164 745 3234 putant,
785 3160 883 3219 alii
911 3160 1187 3235 Hirtium,
1219 3164 1324 3243 qui
1362 3165 1543 3228 etiam
1575 3166 1795 3229 Gallici
1844 3168 1982 3230 belli
2006 3168 2380 3230 novissimum
2408 3167 2723 3249 imperfec-
2754 3178 2763 3188 ‘

475 3261 755 3332 ‹tumque
824 3256 1040 3319 librum
1095 3260 1437 3340 supplevit.’
1518 3264 1698 3326 Hunc
1747 3265 1965 3327 librum
2009 3266 2089 3327 de
2132 3266 2291 3327 bello
2344 3265 2723 3346 Hispaniensi

503 3352 786 3430 (alterius,
821 3374 1001 3435 quam
1029 3356 1151 3419 duo
1183 3359 1528 3440 superiores,
1567 3363 1852 3440 auctoris)
1877 3372 2072 3426 totum
2110 3362 2345 3425 militari
2370 3362 2639 3443 quodam
2664 3373 2725 3424 et

475 3448 746 3512 -horrido
773 3455 1169 3535 compositum
1207 3477 1333 3520 esse
1361 3459 1518 3534 stilo,
1552 3461 1665 3522 etsi
1689 3462 1842 3523 bene
1868 3462 2073 3534 latino,
2101 3470 2320 3541 prater
2344 3460 2611 3539 Lipsinm
2640 3475 2721 3521 ιι.

481 3553 611 3608 22.
667 3549 1024 3625 Elector-nm,
1061 3554 1294 3615 monuit
1317 3556 1618 3638 Josephus
1638 3557 1904 3639 Scaliger
1927 3559 2254 3639 prolegom.
2282 3557 2361 3619 ad
2382 3557 2721 3620 Manilium.

508 3644 566 3703 A
591 3644 748 3706 Julio
796 3647 974 3709 Celso
1012 3648 1432 3730 interpolatum
1471 3653 1552 3715 ad
1578 3674 1687 3717 nos
1714 3656 2076 3736 pervenisse,
2115 3656 2313 3718 multis
2339 3656 2722 3736 argumentis.

504 3758 623 3799 non
649 3743 890 3820 aequalis
914 3746 1189 3809 omnibus
1217 3750 1516 3829 ponderis,
1545 3751 1807 3834 disputat
1832 3753 2216 3815 Dodwellns
2200 3774 2261 3814 ιιι
2290 3752 2549 3814 laudatas
2575 3752 2720 3816 diss.

504 3837 763 3898 sectione
791 3854 895 3900 xx.
937 3841 1219 3905 Ceterum
1257 3846 1354 3907 hic
1384 3847 1535 3910 liber
1561 3847 1632 3911 de
1660 3849 1807 3912 bello
1836 3850 2227 3932 Hispaniensi
2253 3859 2518 3912 extrema
2555 3860 2723 3930 parte

507 3934 752 4000 mutilus
776 3945 960 4011 extat.
986 3948 1167 4021 atque
1185 3961 1259 4003 ex
1285 3944 1529 4007 Martini
1543 3966 1783 4029 quoque
1803 3947 2092 4021 Bladenii,
2103 3946 2344 4027 Anglici
2361 3946 2719 4028 interpretis,

574 4123 603 4170 1
639 4118 702 4174 C.
725 4121 958 4190 Oppium
978 4125 1218 4195 inteuigs
1252 4125 1474 4186 cnuti·
1495 4133 1575 4187 fa·
1651 4136 1839 4189 tribdt
1858 4135 2015 4188 stiam
2034 4134 2426 4187 Votstemnss.
2464 4131 2635 4184 ninii
2653 4085 2721 4183 sit

762 4197 866 4266 ,de
887 4215 994 4269 qno
1024 4203 1163 4255 idem
1185 4206 1398 4261 Vossius
1420 4225 1473 4277 p.
1489 4217 1575 4265 67.
1653 4227 1724 4264 ιιι
1766 4211 1937 4279 Opptl
1974 4211 2111 4265 liber
2151 4210 2221 4261 de
2261 4209 2405 4262 bello
2446 4206 2720 4273 Afric-no,

509 4273 649 4328 Huic
702 4276 893 4336 librum
930 4280 999 4334 de
1053 4281 1192 4337 bello
1236 4284 1575 4356 Hispaniensi
1652 4288 1865 4346 dubitat
1885 4288 2233 4362 Rupetmstd
2254 4288 2465 4342 mm
2485 4301 2542 4356 P·
2562 4289 2687 4338 ’ω’
