3017 4925
912 432 1028 480 nn·
1057 431 1235 481 vlu
1280 430 1485 481 sunu
1534 430 1889 487 oAEsAms.
2322 416 2497 484 1831

288 586 560 649 Emtae
587 585 840 659 civibus,
894 586 1056 667 quod
1097 585 1354 666 fugitivis
1381 584 1672 647 interdum
1698 605 1771 647 ac
1805 584 2186 665 praedonibus
2214 584 2499 658 tionis-et,

282 684 506 762 legatos
534 684 613 745 de
648 704 800 763 poce
829 686 1079 756 mittere,
1128 704 1202 744 ne
1230 684 1389 744 cives
1418 684 1567 744 inter
1596 705 1656 743 se
1697 683 1928 747 funesto
1958 686 2155 745 Marte
2180 700 2499 745 concurre·

281 791 432 853 rent,
485 792 548 841 et
593 802 832 842 suorum
881 783 1150 843 manibus
1199 784 1525 842 Romanum
1574 790 1901 843 everterent
1928 781 2270 861 imperiunn
2313 782 2499 847 multu

279 897 522 957 qnoque
551 878 793 939 humilia
818 881 1017 952 verba,
1046 888 1103 939 et
1132 899 1283 956 quae,
1317 890 1382 939 ut
1409 879 1554 949 dixi,
1612 879 1867 939 timentis
1906 879 2092 941 videri
2120 890 2362 959 possent
2389 879 2499 939 nisi

280 992 316 1035 a
343 973 583 1035 Caesare
625 976 982 1038 dicerentur.
1066 979 1238 1037 Paret
1264 978 1360 1038 ille
1388 987 1449 1036 et
1474 977 1551 1036 ad
1581 977 1764 1054 ripam
1793 977 1979 1036 amnis
2008 976 2311 1056 profectus
2336 995 2501 1039 man-

279 1070 414 1132 data
444 1073 538 1132 sui
563 1070 736 1133 ducis
783 1074 1112 1152 exequitur,
1165 1084 1227 1134 et
1269 1075 1348 1133 ab
1395 1082 1644 1151 utraque
1690 1073 1945 1151 partium
1993 1072 2211 1152 ingenti
2257 1073 2499 1135 silentio}

272 1168 511 1230 nuditus
563 1181 695 1242 est:
738 1191 1200 1250 responsumque
1253 1172 1330 1231 ab
1380 1170 1647 1242 adverso,
1704 1170 1869 1248 quod
1918 1172 2106 1231 Aulus
2158 1172 2365 1231 Varro·
2396 1171 2497 1233 die

273 1268 551 1344 proxima
579 1267 656 1328 ad
685 1269 1046 1347 colloquium
1077 1252 1331 1330 veniret:
1363 1269 1539 1348 legati
1566 1277 1764 1329 autem
1795 1277 1927 1331 tuto
1952 1278 2016 1329 et
2034 1268 2226 1329 venire
2253 1278 2497 1347 possent

274 1372 340 1423 et·
378 1384 522 1443 quae
581 1366 794 1427 vellent
844 1366 1027 1444 loqui.
1109 1367 1344 1437 Vatinio
1389 1384 1628 1443 quoque
1674 1364 1802 1424 dies
1848 1363 2059 1425 eudem
2110 1363 2184 1423 ad
2241 1364 2495 1449 reditum

273 1461 569 1540 praefixa:
614 1464 717 1542 qui
766 1483 904 1523 cum
952 1463 1219 1536 venisset,
1275 1474 1334 1525 et
1382 1463 1476 1524 ille
1523 1462 1599 1523 ad
1648 1460 1955 1522 eundem²³
1994 1460 2278 1536 rediisset,
2320 1463 2495 1525 turba

274 1561 489 1639 ingens
519 1560 796 1639 utrinque
822 1571 1189 1634 convenerat,
1238 1562 1473 1621 intentis
1506 1570 1570 1621 nt
1597 1559 1907 1620 videbatur
1932 1557 2010 1619 ad
2050 1577 2259 1636 pacem
2290 1558 2495 1621 animis

273 1656 414 1717 dnm
447 1678 547 1718 res
575 1659 651 1720 ad
699 1660 917 1719 bonum
945 1659 1164 1723 exitum
1194 1679 1383 1739 prona
1410 1668 1579 1721 esset.
1664 1656 1956 1718 labienus
1985 1654 2224 1735 prodiit,
2267 1665 2327 1715 et
2353 1675 2495 1719 cum

268 1755 521 1817 Vatinio
549 1755 816 1835 colloqui
843 1756 1021 1834 coepit
1049 1765 1228 1837 atque
1257 1756 1634 1827 contendere,
1666 1764 1728 1816 ut
1758 1754 1869 1834 qni.
1887 1754 2105 1833 ingenti
2132 1752 2271 1827 odio
2300 1754 2509 1815 Caesav

269 1870 388 1913 rem
419 1851 659 1913 odisset
684 1877 700 1914 z
733 1853 905 1933 [197]
934 1853 1050 1913 tela
1077 1853 1369 1931 utrimque
1398 1853 1574 1914 missa
1601 1862 1928 1915 sermonem
1956 1850 2248 1912 dirimere.
2330 1849 2497 1915 Vaut

268 1948 434 2009 nium
469 1950 649 2008 armis
680 1949 897 2010 milites
945 1959 1347 2028 protexerunt,
1391 1950 1559 2010 multi
1589 1958 1786 2013 autem
1814 1948 2118 2019 vulnerati,
2151 1948 2497 2009 nominatim

269 2046 590 2113 Cornelius
645 2047 869 2107 Balbu's
913 2056 975 2107 et
1020 2047 1389 2108 centuriones
1442 2048 1777 2125 militesque
1830 2045 1961 2106 alii:
2008 2047 2166 2106 hunc
2218 2046 2497 2107 effectum

265 2142 416 2204 inter
455 2143 850 2223 Pompejanos
892 2144 1100 2205 habuit
1148 2164 1257 2223 per
1302 2144 1595 2205 Caesarem
1647 2155 1764 2203 tam
1794 2142 2111 2203 humiliter·
2132 2139 2248 2220 pax
2278 2142 2497 2205 delatas

268 2239 582 2301 Labienus
612 2259 754 2300 vero
798 2241 965 2320 quusi
1013 2240 1287 2301 ficinoris
1324 2258 1575 2319 compos
1601 2239 1851 2319 egregiit
1898 2247 1913 2273 ‘
1948 2239 2252 2312 Desinite,'
2278 2240 2495 2319 inquit.

269 2338 435 2417 ‘jam
465 2336 559 2397 de
586 2354 737 2414 pace
761 2355 969 2416 agere:
1015 2356 1132 2416 pax
1160 2338 1315 2397 enim
1344 2337 1452 2399 nisi
1487 2346 1700 2397 trunco
1743 2347 1805 2398 et
1848 2335 2052 2396 oblato
2082 2337 2250 2397 nobis
2298 2337 2495 2415 capite

267 2434 527 2496 Cauris
559 2452 860 2513 nunquam
894 2432 1056 2493 erit:'
1094 2434 1318 2495 dictum
1368 2434 1683 2512 pessimum
1729 2443 1791 2493 et
1836 2432 2030 2493 nescio
2074 2432 2262 2512 iniqui
2309 2433 2495 2512 magis

267 2530 556 2599 hominis,
601 2549 677 2589 an
720 2530 986 2591 amentis.
1065 2533 1319 2592 Venerat
1347 2531 1404 2590 in
1449 2530 1698 2608 Epirum
1726 2531 1947 2601 Caesar,
1996 2529 2173 2589 rebus
2218 2531 2277 2590 in
2324 2530 2493 2594 ltalia
2585 2611 2593 2618 Ι

267 2647 375 2707 pro
423 2638 708 2705 tempore
761 2627 1079 2707 dispositis,
1136 2637 1374 2708 propter
1421 2626 1858 2688 festinationem
1912 2625 2156 2705 quidem
2210 2625 2327 2686 fine
2371 2646 2495 2688 non

269 2734 623 2805 expectato,
653 2724 756 2785 sed
786 2725 990 2785 relicto
1017 2725 1515 2787 &Brundusium
1541 2724 1799 2785 Antonio
1827 2742 1964 2783 cum
1993 2732 2161 2802 parte
2186 2723 2495 2795 exercitus,·'

272 2841 450 2900 quam
483 2820 800 2898 trajecisse
827 2823 1171 2901 nequiverat
1195 2843 1210 2882 ε
1255 2832 1323 2884 ut
1347 2820 1691 2901 conquisitis
1722 2821 1945 2882 scilicet
1972 2839 2044 2881 ac
2073 2820 2311 2884 resectis
2336 2822 2496 2882 navi⁴

272 2916 403 2989 bus,
454 2918 564 2980 ille
589 2936 718 2977 eam
749 2930 984 2997 arrepta
1009 2920 1414 2999 oportunitate
1460 2919 1777 2995 trajiceret,
1835 2918 1995 2997 quod
2043 2938 2181 2980 cum
2229 2918 2495 2997 cupienti

272 3031 390 3073 non
421 3013 582 3073 satis
608 2999 1002 3093 expediretur,
1052 3024 1214 3078 tanta
1243 3025 1366 3077 erat
1408 3015 1773 3094 impatientia
1805 3015 2157 3094 expectandi
2182 3039 2198 3076 z
2244 3015 2322 3075 ad
2350 3013 2495 3078 evo-.-

271 3109 508 3170 mndos
541 3110 673 3169 viva
702 3130 871 3183 voce,
925 3130 1076 3190 quos
1106 3127 1266 3191 saepe
1293 3113 1697 3191 nequidquam
1740 3112 1920 3172 literis
1946 3122 2274 3183 evocasset,
2323 3113 2497 3174 tumi-

274 3205 414 3267 dum
448 3205 650 3266 ventis
678 3225 837 3266 mare
874 3206 1099 3285 ingredi
1145 3209 1456 3286 piscatoria
1484 3209 1683 3272 cimba
1726 3209 1885 3269 solus
1930 3210 2271 3288 intempesta
2320 3219 2503 3271 nocte

272 3320 390 3362 uon
429 3301 667 3362 tinuit:
713 3303 816 3362 sed
845 3302 1098 3381 rejectus
1123 3304 1197 3363 ud
1243 3311 1458 3364 terram
1482 3303 1669 3365 fluctu
1696 3304 1908 3375 valido,
1958 3305 2066 3365 iter
2104 3306 2497 3379 temerarium,-

273 3417 386 3458 non
416 3407 607 3467 metu,
637 3398 740 3458 sed
772 3399 1117 3460 necessitate
1143 3398 1436 3461 destituit:
1469 3411 1608 3461 nota
1638 3413 1726 3461 est
1757 3423 1867 3461 vox
1890 3402 2021 3479 ejus
2050 3402 2124 3460 ad
2153 3404 2495 3464 exterritum

277 3505 582 3556 nocturno
611 3514 847 3574 aequore
876 3497 1127 3575 ¹⁴eoque
1175 3497 1439 3575 periculo
1483 3498 1973 3573 gubernatorem:
2016 3504 2033 3530 ⁴
2065 3497 2225 3566 Quid
2278 3508 2339 3558 tu
2376 3519 2508 3578 mea,

277 3590 413 3664 tuis,
467 3593 772 3651 Caesaretn
801 3591 1004 3651 vehis-⁹
1040 3593 1376 3655 Consecuto
1415 3613 1550 3652 cum
1596 3595 1870 3653 omnibus
1898 3591 2088 3671 copiis
2134 3579 2342 3671 paucis
2370 3596 2495 3661 die-,2

277 3687 709 3760 bus-Antonio,
755 3698 818 3747 et
844 3687 1095 3748 admotis
1122 3690 1195 3748 ad
1226 3689 1452 3749 hostem
1482 3689 1709 3760 castris,
1760 3689 1949 3749 indies
1976 3690 2157 3768 magis
2189 3710 2279 3780 ⁶ac
2308 3696 2493 3774 magis

277 3784 561 3856 instabat,
594 3803 749 3843 nunc
775 3785 964 3843 aciem
990 3785 1363 3864 explicando,
1386 3805 1543 3848 nunc
1567 3787 1763 3846 hostes
1790 3786 1865 3848 ad
1894 3787 2155 3865 proelium
2183 3788 2495 3865 irritando,

278 3898 437 3942 nunc
499 3881 863 3940 Duracbium
920 3881 1354 3959 oppugnando:
1414 3891 1475 3941 et
1518 3902 1758 3960 perosus
1804 3903 2017 3956 moras,
2067 3895 2127 3945 et
2180 3886 2499 3950 celeritatis

279 3976 691 4049 avidissimusg
736 3977 1098 4057 cupiensque
1146 3979 1540 4052 vehementer,
1590 3993 1656 4040 ut
1698 3983 2033 4060 quicunque
2080 3981 2306 4041 futurus
2343 3992 2492 4042 esset

282 4070 423 4133 belli
470 4074 683 4148 exitus,
734 4076 926 4135 statim
966 4085 1153 4136 esset:
1195 4077 1390 4136 omnia
1437 4077 1689 4138 frustra:
1734 4098 1868 4138 nam
1904 4089 1963 4139 et
2006 4075 2362 4138 Duracbium
2406 4078 2492 4137 in-

905 4290 968 4337 1³
1000 4285 1178 4354 Adde,
1206 4288 1501 4340 locum-14
1537 4290 1713 4356 Forte,
1732 4295 1891 4355 atque,-
