3017 4925
534 446 706 511 1818
1106 458 1236 506 ..s.
1285 455 1496 505 censi
1547 453 2079 502 οοΜΜκΝτΑκη

531 613 787 694 plurium
813 611 1035 674 dierum
1063 608 1539 689 supplicationes,
1570 625 1743 686 quam
1777 603 1876 665 ulli
1912 621 2171 683 unquam
2215 599 2550 668 decrevere,
2584 605 2649 657 ut
2678 604 2741 656 et

532 711 843 771 historicus
884 710 1037 769 itlem
1088 707 1189 778 ait,
1231 716 1294 766 et
1335 725 1407 764 ex
1456 703 1766 783 praemissis
1813 702 2116 780 “aperuih
2201 698 2496 777 Deinceps
2526 694 2739 755 eadem

530 826 690 868 arma
719 807 900 885 impia
947 817 1007 864 et
1055 804 1270 882 injusta
1309 811 1372 863 et
1415 803 1474 862 in
1503 802 1727 861 viscera
1764 800 1971 879 patrioe
2009 796 2326 858 miserabili
2351 793 2742 855 alternatione

532 923 836 964 conversa:
885 902 1169 971 Quamvis
1214 901 1369 960 euim
1417 910 1475 959 et
1526 899 1615 957 his
1661 916 1867 974 magna
1913 915 2026 955 non
2073 894 2225 954 desit
2252 892 2575 959 excusatio,
2605 907 2742 949 vere

532 1012 729 1062 tamen
761 1001 914 1060 nulla
945 999 1230 1059 sufficiens
1260 1016 1438 1058 causa
1483 1006 1575 1056 est
1623 1005 1823 1053 contra
1869 992 2117 1071 patriam
2147 1011 2301 1049 arma
2332 987 2741 1048 moventibus:

531 1097 606 1158 de
634 1096 1048 1176 ⁹⁵quibusdam
1083 1097 1208 1174 jam
1258 1095 1394 1154 hinc
1441 1112 1615 1171 agere
1642 1089 1968 1169 aggrediar.
2053 1090 2292 1148 Dictum
2322 1096 2407 1146 est
2437 1085 2638 1144 multis
2681 1084 2741 1142 in

529 1194 677 1254 locis
725 1206 784 1255 et
831 1193 1144 1253 dicendum
1199 1191 1496 1271 pluribus:
1543 1188 1759 1248 ‘Nulla
1808 1205 2061 1264 unquam
2116 1203 2323 1260 magna
2380 1182 2566 1262 gloria
2616 1183 2741 1241 sine

532 1290 878 1371 magna'fuit
911 1290 1175 1350 invidia?
1215 1301 1280 1350 ut
1309 1287 1679 1348 memorabile
1725 1285 1801 1345 sit
1846 1284 2009 1362 quod
2058 1284 2240 1342 fertur
2266 1282 2529 1341 Socratis
2556 1279 2744 1340 cousi·

532 1388 698 1460 lium,
728 1388 832 1466 qui
863 1388 1148 1467 quaerenti
1180 1386 1470 1449 Alcibiadi
1497 1384 1747 1464 qualiter
1775 1381 2041 1442 invidiam
2075 1380 2302 1440 vitaret:
2339 1379 2523 1438 ‘vive’
2548 1377 2743 1454 iuquit

533 1493 639 1545 ‘ut
662 1486 969 1547 Tersites:'
1023 1486 1107 1543 sic
1162 1495 1255 1544 est
1311 1483 1526 1542 hercle.
1614 1483 1675 1540 Si
1730 1479 1972 1539 vixisset
2024 1478 2183 1537 domi
2237 1478 2439 1536 Caesar
2492 1474 2738 1543 otiosus,

531 1582 821 1662 voluptati
863 1594 920 1641 et
971 1601 1178 1641 somno
1227 1581 1608 1649 incubuisset,
1659 1576 1815 1636 haud
1873 1577 2051 1636 dubie
2107 1574 2371 1635 hostibus
2417 1583 2475 1632 et
2522 1570 2741 1631 invidia

530 1678 835 1738 caruisset:
883 1678 986 1738 sed
1033 1697 1165 1736 cum
1212 1677 1465 1737 Galliam
1499 1675 1838 1745 domuisset,
1870 1676 2321 1751 Romanumque
2349 1670 2500 1729 illam
2523 1669 2739 1745 jugum

531 1772 683 1834 serre
711 1775 1020 1853 coegisset,
1050 1774 1356 1853 vectigalia
1388 1774 1591 1853 populi
1623 1771 1874 1831 Romani
1917 1771 2258 1830 immensum
2289 1767 2558 1836 auxisset,
2587 1767 2740 1825 Ger·

531 1890 737 1930 manos
795 1882 858 1931 ut
914 1884 1002 1929 est
1056 1871 1275 1931 (lictum
1333 1870 1600 1929 cladibus
1653 1868 1943 1929 affecisset
1996 1867 2280 1937 maximis,
2338 1885 2488 1944 quos
2544 1874 2738 1924 tamen

531 1967 817 2026 vincendo
845 1964 1244 2035 ac‚vastando‚
1280 1966 1455 2045 [172]
1484 1967 1566 2025 ita
1596 1965 1705 2025 sibi
1735 1965 1962 2024 virtutis
1990 1964 2371 2023 admiratione
2394 1961 2741 2032 devinxerit,

535 2078 600 2125 ut
643 2086 828 2143 usque
879 2067 936 2124 in
985 2077 1328 2143 praesentem
1375 2065 1532 2124 diem
1582 2067 2002 2143 gubernatores
2043 2063 2268 2141 imperii
2314 2062 2500 2141 (quod
2531 2061 2609 2121 ad
2637 2081 2741 2122 eos

534 2163 666 2223 ideo
693 2183 895 2222 vereor
934 2163 1257 2231 descendit,
1307 2176 1371 2221 ut
1420 2166 1637 2235 rueret)
1673 2181 1789 2221 uon
1835 2162 1951 2220 alio
2000 2181 2176 2239 quam
2219 2159 2462 2220 Caesaris
2509 2159 2741 2217 nomine

535 2260 788 2319 vocitent
811 2259 1031 2339 vulgari
1061 2260 1119 2319 in
1149 2279 1439 2318 sermone:
1470 2272 1695 2319 cum-et
1718 2259 2063 2318 Brittannos-
2080 2256 2338 2317 similiter
2364 2256 2743 2333 subjugasset

535 2357 942 2435 Rhenumque,
976 2377 1047 2416 ue
1075 2357 1323 2435 amplius
1354 2355 1519 2415 limes
1547 2366 1723 2426 esset,
1754 2367 1933 2435 atque
1963 2356 2152 2433 ipsum
2180 2353 2357 2412 etiam
2383 2350 2743 2412 ⁹⁶docuisset

532 2455 865 2525 Oceanumg
913 2455 1096 2514 multa
1145 2465 1206 2515 et
1251 2474 1462 2533 magna
1508 2455 1736 2533 agendo
1783 2464 1961 2532 atque
2008 2450 2306 2523 audendo,
2338 2450 2653 2511 multorum
2683 2461 2743 2510 et

533 2572 873 2631 magnorum
931 2552 988 2611 in
1047 2551 1326 2611 invidiam
1379 2551 1603 2610 incidit.
1683 2551 1741 2610 Ο
1788 2550 2117 2610 mortalium
2169 2570 2401 2628 semper
2448 2549 2743 2609 laboriosa

532 2651 816 2719 conditio,
846 2670 1079 2728 semper
1107 2649 1391 2728 disposita
1432 2649 1525 2710 vel
1562 2648 1946 2726 contemptui,
1992 2648 2082 2708 vel
2135 2647 2369 2707 invidias
2408 2647 2742 2725 subjacere.

535 2748 712 2807 Erum
745 2748 948 2807 Romae
978 2748 1145 2807 multi
1176 2748 1281 2806 viri
1312 2748 1590 2824 ingentes,
1633 2766 1882 2825 quorum
1913 2746 2166 2824 quisque
2195 2746 2308 2805 sibi
2352 2746 2607 2824 primum
2654 2746 2746 2806 lo-

533 2865 670 2903 cum
701 2844 899 2921 gloriae
931 2842 1265 2901 vindicaret.
1348 2841 1508 2901 Inter
1554 2843 1674 2901 imo
1717 2853 1853 2901 ante
1893 2843 2038 2901 alios
2089 2861 2331 2920 magnus
2379 2845 2639 2913 nomine,
2685 2863 2745 2902 re

532 2951 727 2999 autem
759 2940 1043 2998 maximus
1074 2940 1425 3017 Pompejus:
1457 2940 1557 2998 cui
1580 2942 1781 3000 Caesar
1805 2950 1870 2999 ut
1891 2943 2145 2999 amicum
2168 2941 2332 2999 illum
2362 2941 2475 2999 sibi
2506 2942 2741 3011 faceret,

535 3037 712 3098 filiam
741 3037 772 3095 J
783 3036 954 3095 uliam
985 3035 1262 3113 optimam
1286 3047 1344 3093 et
1375 3035 1478 3094 viri
1506 3037 1965 3096 amantissimam
1993 3038 2334 3097 collocavit:
2379 3037 2483 3097 sed
2508 3038 2581 3097 ad
2614 3038 2745 3097 odi-

537 3154 633 3192 um
665 3152 882 3210 pronas
910 3145 1133 3191 mentes
1160 3133 1231 3190 atl
1265 3132 1583 3191 amicitiam
1614 3132 1967 3213 detorquere
1994 3133 2258 3194 difficile:
2310 3135 2500 3195 valere
2549 3147 2744 3197 tamen

533 3239 768 3308 poterat
792 3230 866 3289 ad
898 3230 1200 3309 publicam
1223 3247 1456 3306 pacem,
1502 3230 1551 3288 si
1595 3240 1699 3289 aut
1746 3229 1875 3309 ipsa
1926 3231 2182 3301 vixisset,
2231 3240 2335 3291 aut
2379 3244 2743 3310 conceptum

533 3328 725 3386 subita
756 3327 1228 3387 consternatione
1257 3347 1372 3385 uon
1401 3327 1705 3388 effudisset
1733 3329 2028 3388 abortum.
2114 3331 2146 3391 J
2154 3331 2318 3389 unxit
2356 3340 2411 3388 et
2442 3329 2561 3388 alio
2590 3349 2746 3389 nexu

534 3424 648 3484 sibi
693 3423 1041 3503 Pompejum
1093 3426 1314 3494 Caesar,
1368 3425 1705 3504 priusquam
1759 3425 1867 3486 iret.
1911 3427 1969 3485 iu
2003 3428 2254 3486 Gallias:
2301 3437 2360 3488 et
2404 3438 2469 3486 ut
2514 3430 2749 3506 glutino

533 3523 830 3583 stabiliore
860 3523 1259 3592 consisterent,
1291 3523 1563 3583 Marcum
1591 3525 1866 3583 Crassum
1898 3525 2009 3603 ipsi
2038 3525 2325 3604 Pompejo
2352 3546 2385 3583 a
2415 3546 2537 3603 quo
2567 3525 2745 3585 veteri

534 3620 675 3680 odio
701 3619 1045 3691 dissidebat,
1070 3620 1496 3680 reconciliavit:
1545 3633 1609 3680 ut
1639 3622 1824 3680 tribus
1854 3623 2291 3701 potentissimis,
2323 3623 2484 3681 nullo
2512 3634 2748 3681 coutra-

523 3718 623 3776 .rio
648 3735 795 3775 auso
823 3717 1091 3776 Romana
1123 3719 1505 3796 Respublica,
1538 3731 1597 3778 et
1640 3739 1746 3797 pet
1792 3739 2159 3799 consequeus
2201 3731 2360 3779 totus
2388 3719 2555 3779 orbis
2575 3722 2745 3779 obse-

533 3825 838 3892 queretur:
884 3817 1041 3872 ⁹⁷aut
1096 3834 1232 3873 sane
1277 3825 1676 3875 commentum
1722 3816 1871 3876 rude
1930 3818 2019 3876 vel
2063 3817 2597 3877 ⁹⁸insulsissimum:
2640 3817 2741 3876 sed

535 3911 771 3971 fortuna
801 3930 959 3969 more
987 3930 1096 3969 suo
1125 3921 1322 3969 rotans
1351 3930 1441 3969 res
1483 3912 1791 3982 humanas,
1822 3915 2017 3973 omnia
2045 3913 2120 3972 ad
2154 3933 2331 3974 unum
2362 3914 2743 3973 devolvebat:

533 4019 593 4069 et
623 4008 891 4086 Pompeji
919 4006 1163 4085 quidem
1211 4008 1427 4069 auxilio
1456 4008 1714 4087 primum
1760 4011 2015 4070 Galliam
2062 4023 2242 4090 atque
2285 4011 2566 4071 Illiricum
2617 4031 2746 4090 pro-

595 4244 662 4289 94
694 4239 855 4304 Lege,
873 4239 1238 4305 apparunt—95
1277 4240 1784 4308 Forta‚quibus.-—96
1819 4244 1981 4309 Lege,
2001 4246 2401 4297 domuisset—97
2425 4245 2585 4310 Lege,
2604 4245 2739 4293 haud.

532 4324 664 4370 -98
694 4320 876 4386 Forte,
889 4319 1249 4382 immusici&
