3017 4925
450 333 453 336 ’
500 339 675 409 lma
1144 357 1205 406 s.
1250 355 1464 407 cnnsl
1513 355 2086 408 conunnrsnut

499 502 845 582 direptaque
891 500 1302 580 suppellectili,
1346 500 1507 579 gravi
1555 502 1740 561 multa
1766 500 2014 562 affectus
2060 518 2172 580 pro
2211 501 2413 580 rostris
2449 521 2620 583 pene
2658 524 2698 566 a

476 598 783 660 -concione
799 597 1225 675 discerperetur
1250 606 1430 677 atque
1456 597 1515 657 in
1538 616 1828 658 carcerem
1851 597 2202 670 mitteretur3
2247 599 2537 679 similique
2560 618 2703 661 con·

499 695 713 757 stantia
761 702 824 754 et
871 693 1132 753 Nonium
1180 694 1340 753 ultus
1386 702 1494 764 est,
1539 693 1778 772 quando
1806 701 2066 773 quaestor
2089 694 2250 773 apud
2278 715 2340 755 se
2367 705 2705 775 praetooem,

496 793 778 871 majorem
807 792 1029 852 scilicet
1071 799 1424 870 potestatem
1462 809 1668 870 passus
1695 800 1848 850 esset
1876 794 2155 852 accusari.
2234 793 2454 854 Adbuc
2479 804 2702 872 praetor

498 890 844 969 Hispaniam
871 888 1060 967 petiit,
1082 898 1143 948 et
1164 898 1327 948 tanta
1351 896 1478 949 erat
1500 888 1864 976 viri-illustris
1892 889 2106 967 inopia,
2138 898 2203 949 ut
2236 910 2273 950 a
2307 890 2698 952 creditoribus
2811 920 2815 925 ·

495 987 788 1066 profectio
814 986 944 1064 ejus
970 985 1368 1065 impediretur,
1390 984 1503 1044 nisi
1539 985 1668 1044 illos
1689 984 1843 1045 datis
1869 983 2319 1065 fidejussoribus
2361 986 2699 1066 quietasset.

498 1086 705 1150 Rebus
725 1095 924 1145 autem
950 1084 1067 1144 illic
1095 1084 1272 1163 gestis
1298 1083 1743 1162 compositaque
1769 1082 2072 1162 provincia
2098 1083 2454 1156 festinanter,
2483 1094 2546 1146 et
2570 1105 2703 1148 suc-

500 1202 732 1245 cessore
758 1202 878 1242 non
917 1190 1232 1261 expectato
1256 1180 1332 1240 ad
1362 1180 1729 1241 consulatum
1760 1180 1974 1258 pariter
1997 1189 2058 1241 et
2091 1180 2455 1259 triumphum
2501 1182 2700 1256 rediit,

498 1279 602 1341 sed
631 1298 769 1341 cum
795 1278 1022 1358 legibus
1059 1278 1264 1338 ambos
1294 1276 1463 1337 simul
1513 1276 1743 1355 assequi
1783 1297 1899 1336 non
1943 1276 2165 1350 liceret,
2195 1279 2411 1338 omisso
2437 1278 2703 1358 inprimis
2807 1315 2818 1323 -

499 1376 817 1457 triumpho,
848 1376 1213 1436 consulatum
1244 1374 1467 1447 maluit,
1511 1393 1702 1435 rerum
1739 1373 1990 1454 cupidus
2018 1375 2425 1453 gerendarum.
2506 1376 2708 1437 Comi·

498 1474 597 1536 tiis
625 1473 870 1554 quidem
915 1471 1318 1534 consularibus
1346 1490 1464 1531 non
1501 1470 1783 1548 collegam
1825 1480 2036 1530 nactus
2080 1490 2252 1549 quem
2282 1472 2552 1544 volebat;
2596 1472 2704 1532 ob-

502 1580 691 1633 stante
717 1570 1088 1649 optimatium
1126 1568 1404 1641 factione,
1450 1557 1588 1627 cum
1618 1569 1826 1627 Marco
1876 1567 2094 1627 Bibulo
2129 1566 2326 1629 factus
2350 1578 2444 1630 est
2469 1570 2702 1631 consul.

500 1668 695 1738 Quem
713 1675 917 1729 exorta
942 1664 1262 1746 postmodo
1285 1664 1616 1744 quaestione
1643 1664 1788 1743 legis
1814 1662 2089 1743 Agrariae,
2113 1664 2550 1728 dissentientem
2570 1666 2702 1728 foro

478 1765 675 1827 ·armis
698 1763 896 1841 ejecit,
921 1773 982 1824 et
1006 1762 1082 1823 de
1110 1763 1225 1823 hoc
1251 1762 1308 1822 in
1338 1772 1546 1823 senatu
1575 1762 1742 1842 queri
1768 1780 1995 1835 ausum,
2017 1762 2180 1822 nullo
2207 1783 2271 1823 se
2298 1764 2565 1836 ultorem,
2596 1771 2706 1824 aut

496 1861 706 1923 saltem
731 1859 1095 1940 cognitorem
1137 1859 1366 1938 injuriae
1403 1858 1760 1930 offerentem,
1789 1878 1861 1918 eo
1900 1858 2135 1938 pavoris
2157 1858 2422 1938 impegit,
2451 1868 2519 1919 ut
2545 1859 2705 1938 quis-

499 1958 587 2019 vis
612 1956 810 2018 mallet
831 1976 958 2018 esse
986 1975 1164 2035 quam
1190 1955 1414 2027 consul,
1453 1964 1701 2034 totoque
1725 1963 1988 2033 tempore
2015 1955 2352 2016 consulatus
2377 1955 2541 2016 domi
2582 1975 2706 2017 me-

498 2062 670 2117 tuens
696 2054 971 2127 latitaret,
998 2064 1060 2114 et
1083 2052 1278 2131 siquid
1305 2050 1741 2113 decernendum
1768 2061 1940 2124 esset,
1987 2072 2097 2132 per
2120 2052 2317 2114 edicta
2342 2053 2703 2127 decerneret,

500 2160 562 2212 et
589 2152 790 2212 Caesar
816 2152 968 2211 solus
994 2149 1414 2230 rempublicam
1462 2150 1832 2227 gubernaret,
1875 2148 2104 2209 nemine
2137 2168 2372 2227 prorsus
2397 2150 2700 2222 obstante3

500 2257 565 2308 et
589 2247 775 2326 siquis
810 2247 1170 2319 obstetisset,
1218 2267 1337 2307 nou
1380 2255 1607 2308 tantum
1649 2246 1846 2318 minis,
1896 2246 2006 2307 sed
2046 2245 2220 2306 factis
2249 2246 2546 2307 exterrito.
2630 2247 2704 2326 In

502 2341 718 2422 quibus
748 2343 1019 2403 Marcum
1064 2344 1351 2404 Catonem
1378 2352 1558 2403 tantoe
1586 2343 1775 2403 virum
1810 2342 2106 2421 sapientiae
2151 2361 2224 2403 ac
2269 2344 2520 2415 virtutis,
2549 2344 2703 2405 actis

500 2438 934 2519 obstrepentem
961 2440 1102 2513 suis,
1152 2438 1284 2521 [14]
1327 2458 1507 2499 manu
1533 2438 1757 2500 lictoris
1792 2446 2118 2500 extractum
2158 2438 2339 2511 curia,
2369 2439 2522 2500 mitti
2561 2440 2705 2502 fecit

496 2535 558 2598 in
587 2555 897 2598 carcerem.
980 2540 1116 2608 Quo
1141 2547 1372 2598 euntem
1402 2537 1568 2598 illum
1593 2546 1824 2598 senatus
1849 2537 2037 2597 omnis
2063 2546 2406 2616 persecutus
2433 2546 2541 2609 est,
2579 2556 2704 2599 non

499 2634 667 2697 aliter
693 2654 870 2714 quam
900 2635 951 2695 si
982 2635 1150 2695 unius
1198 2635 1258 2694 in
1307 2653 1561 2714 persona
1599 2654 1803 2694 omnes
1847 2635 2008 2712 capti
2036 2633 2394 2694 viderentur:
2437 2644 2574 2697 sinit
2598 2635 2705 2714 qui

499 2731 724 2803 dicant,
753 2741 977 2793 vestem
1006 2752 1247 2811 quoque
1290 2733 1451 2793 velut
1497 2732 1557 2792 in
1603 2733 1769 2792 luctu
1815 2730 2059 2809 publico
2102 2740 2484 2809 permutasse.
2566 2734 2704 2802 Qua

500 2828 743 2907 quidem
771 2837 932 2889 tanta
973 2830 1342 2890 veneratione
1389 2850 1460 2890 ac
1508 2830 1751 2908 pietate,
1801 2828 1913 2888 nisi
1960 2827 2152 2900 fallor,
2193 2827 2406 2906 injuria
2447 2830 2701 2890 carceris

498 2936 882 3004 compensata
908 2934 1027 2996 est;
1074 2936 1141 2988 ut
1165 2928 1429 3007 optabile
1456 2927 1636 2988 fuisse
1662 2925 1929 2987 videatur
1955 2925 2169 2984 Catoni
2203 2925 2288 2985 sic
2317 2925 2376 2984 in
2405 2946 2701 2988 carcerem

498 3020 660 3092 duci,
678 3021 835 3082 unde
862 3042 999 3082 mox
1019 3022 1103 3083 sic
1130 3025 1500 3085 educeretur:
1532 3021 1822 3103 siquidem
1852 3018 2002 3081 ¹⁶hic
2029 3031 2261 3082 senatus
2283 3031 2444 3084 tanta
2464 3043 2704 3085 consen-

500 3117 663 3178 sione
691 3118 980 3179 Caesarem
1028 3120 1215 3199 ipsum
1257 3120 1466 3191 mos-in
1513 3127 1698 3197 utque
1723 3117 1807 3177 ait
1832 3117 2114 3189 Valerius,
2145 3117 2326 3179 divini
2370 3119 2543 3179 animi
2570 3138 2703 3199 per-

501 3216 884 3276 severantiam
926 3218 1113 3280 flexit:
1158 3228 1373 3297 praeter
1419 3216 1548 3275 boec
1596 3215 1793 3273 Caesar
1837 3213 2002 3274 initio
2050 3215 2408 3289 consulatus,
2449 3216 2701 3277 sentiens

501 3322 711 3372 contra
753 3334 817 3373 se
864 3314 1139 3374 invidiam
1186 3314 1552 3372 laborantem
1592 3319 1654 3371 et
1697 3312 2039 3372 consulibus
2065 3331 2101 3371 a
2129 3321 2337 3372 senatu
2365 3311 2699 3390 provincias

500 3409 716 3473 nullius
761 3412 978 3471 laboris
1006 3421 1066 3471 et
1092 3410 1290 3490 gloriae
1319 3409 1611 3481 decretas,
1642 3408 1822 3488 idque
1849 3409 1907 3468 in
1955 3430 2016 3470 se
2044 3429 2220 3469 unum
2263 3408 2388 3468 fieri
2415 3409 2703 3488 cogitans,

496 3513 563 3566 et
587 3506 663 3565 ad
689 3527 873 3578 suam,
905 3506 1060 3566 sicut
1083 3517 1226 3577 erat,
1257 3504 1528 3582 injuriam
1559 3505 1810 3577 trahens,
1834 3505 1992 3585 quod
2023 3506 2310 3585 collegam
2338 3504 2563 3566 scilicet
2588 3506 2703 3567 ista

498 3622 617 3665 non
647 3612 968 3682 tangerent,
997 3613 1177 3681 atque
1224 3603 1499 3663 incensus
1545 3603 1870 3682 cupiditate
1921 3602 2226 3673 vindictan
2270 3604 2498 3664 Cneum
2526 3603 2705 3664 Pom·

496 3699 691 3779 peium
722 3702 1025 3776 Magnum,
1046 3710 1189 3759 tunc
1211 3701 1436 3760 senatui
1462 3695 1773 3772 infensum,
1799 3699 1958 3780 quod
1989 3699 2334 3760 Mithridate
2361 3699 2696 3778 perdomito

499 3794 578 3856 ad
624 3795 808 3873 ipsius
838 3797 1084 3855 honores
1128 3796 1420 3855 silentiis¹⁷
1474 3796 1796 3867 habuisset,
1846 3795 2006 3855 omni
2054 3795 2338 3873 obsequio
2383 3795 2699 3873 promereri

498 3892 755 3963 studuit;
804 3903 986 3970 utque
1015 3892 1253 3953 solidior
1279 3913 1464 3954 nexus
1489 3904 1640 3954 esset
1667 3894 1859 3953 Marci
1883 3893 2080 3954 Crassi
2116 3902 2177 3953 et
2206 3893 2468 3972 Pompeii
2505 3892 2701 3954 amici-

498 3987 642 4049 tiam
669 3997 903 4048 vetusto
929 3989 1067 4048 odio
1094 3990 1475 4068 interruptam
1517 4011 1590 4049 ex
1636 3992 1968 4062 consulatu,
2016 4009 2188 4069 quem
2218 3990 2388 4050 simul
2429 3988 2699 4051 diffiden-

496 4083 720 4159 tissime
746 4095 1055 4164 gesserant,
1086 4087 1362 4148 resarcire
1386 4087 1547 4150 nisus
1588 4097 1692 4159 est,
1733 4086 2046 4166 effecitque
2095 4088 2344 4148 sollicito
2383 4107 2452 4149 ac
2497 4087 2702 4151 solerti

631 4240 697 4289 16
727 4236 909 4305 Forte,
944 4239 1044 4294 hec
1066 4247 1255 4299 mun
1286 4246 1427 4294 tanta
1446 4243 1684 4298 conum
1708 4243 2087 4297 cmm-1⁷
2120 4242 2281 4307 Lege,
2309 4239 2568 4293 ostentm
