3017 4925
521 360 699 434 150!
1158 376 1230 436 ,3.
1273 361 1485 434 cust
1531 371 2096 430 consumam,

518 527 825 596 obstabat:
868 528 951 594 sic
978 526 1329 608 implicitum
1357 528 1562 590 hostes
1586 535 1885 607 premuntt
1928 526 2172 598 remulus
2195 523 2466 604 adjuvat,
2487 521 2726 605 fertque

520 626 609 694 illi
634 647 809 707 quem
832 627 1032 702 odisse
1060 635 1443 690 consueverat
1463 626 1778 686 auxilium:
1821 625 1879 684 in
1905 625 2084 696 hunc,
2112 622 2306 703 primo
2329 621 2566 696 omisso,
2594 631 2730 690 tots

522 723 682 790 acies
706 726 849 786 ruit:
895 724 1021 803 ipse
1050 722 1252 788 stricto
1278 722 1474 803 gladio
1502 741 1679 801 seque
1705 730 1767 786 et
1791 721 1956 782 illum
1984 730 2285 800 potegens,
2321 739 2439 781 uno
2464 718 2726 786 hostium

521 819 745 895 occiso,
771 840 1081 900 parumper
1119 819 1262 880 alios
1288 818 1697 882 submoverat:
1741 818 1847 879 sed
1896 816 2041 879 dum
2081 817 2382 878 ardentius
2410 816 2728 892 invehitur,

520 938 557 982 e
582 918 717 980 loco
741 917 945 982 altiore
970 917 1215 978 excidit:
1261 916 1362 977 cui
1399 915 1712 976 confestim
1759 915 1952 976 Pullo.
1976 914 2165 987 affuit,
2215 923 2275 974 et
2323 914 2584 984 similiter
2609 915 2726 984 cir,

524 1023 901 1080 cumventuin
928 1034 963 1073 e
1002 1013 1267 1076 manibus
1314 1011 1570 1076 hostium
1609 1010 1924 1092 expeditus
1970 1022 2029 1072 et
2076 1011 2307 1086 nudato
2340 1012 2470 1090 jam
2517 1010 2725 1090 gladio

523 1111 872 1176 metuendus
897 1111 1138 1192 eripuit:
1183 1110 1269 1170 sic
1316 1110 1477 1172 illaesi
1503 1109 1680 1170 ambo
1724 1109 1801 1170 ad
1852 1129 1991 1172 snos
2021 1108 2218 1171 multis
2246 1108 2503 1190 hostiurn
2525 1108 2725 1180 cassis.

523 1216 586 1282 et
610 1207 812 1274 adhuc
841 1206 1117 1286 ambigua
1155 1205 1532 1274 lite.virtutis
1573 1224 1833 1266 evasere.
1913 1206 2203 1266 Caeterum
2254 1216 2481 1285 quanto
2527 1203 2726 1270 indies

525 1302 727 1391 durior
752 1304 1005 1376 obsidio,
1035 1313 1095 1368 et
1141 1304 1474 1367 vulneribus
1522 1302 1790 1366 interiore
1835 1302 2040 1362 militia
2078 1301 2315 1375 afflicta,
2347 1301 2730 1366 decrescebat

524 1419 802 1466 numerus
856 1399 1254 1476 defensorum,
1310 1408 1489 1479 atque
1544 1398 1801 1472 hostium
1864 1399 2216 1478 augebatur:
2285 1408 2454 1462 tanto
2510 1399 2727 1462 Cicero

522 1498 805 1568 attentius
833 1498 1154 1577 cogitabat,
1184 1496 1259 1556 de
1287 1506 1443 1571 statu
1471 1516 1662 1558 rerum
1690 1495 1928 1556 nuntios
1967 1496 2042 1556 ad
2075 1497 2368 1558 Caesarem
2407 1496 2726 1568 destinare.

522 1614 778 1674 quorum
806 1594 986 1673 aliqui
1016 1594 1076 1652 in
1103 1593 1357 1655 bostium
1386 1614 1594 1663 manus
1621 1593 1788 1672 lapsi,
1811 1600 1874 1653 et
1900 1593 2010 1655 sub
2037 1593 2222 1654 oculis
2252 1613 2487 1658 suorum
2517 1592 2732 1656 crude·

521 1690 681 1758 libus
709 1690 1135 1769 ”supplicibus
1158 1689 1468 1761 interfecti,
1509 1689 1766 1768 reliquos
1794 1688 1999 1750 merito
2029 1699 2245 1750 terrore
2273 1690 2730 1770 compleverant.

525 1786 806 1850 Inventus
831 1796 924 1847 est
948 1786 1187 1850 tandem
1218 1806 1419 1849 servus
1447 1807 1598 1847 unus
1623 1807 1658 1847 e
1700 1785 1922 1862 Gallia,
1965 1786 2070 1865 qui
2120 1786 2392 1847 libertate
2417 1797 2478 1848 et
2505 1787 2729 1866 magnis

526 1885 785 1965 praemiis
832 1884 1149 1963 promissis.
1192 1884 1390 1945 literas
1429 1883 1640 1962 jaculo
1685 1883 1952 1954 insertas,
2002 1883 2213 1944 Gallus
2256 1903 2380 1946 non
2423 1893 2730 1962 suspectus

529 1979 734 2058 Gallis,
760 1980 837 2041 ad
869 1983 1160 2042 Caesarem
1188 1980 1419 2046 detulit.
1502 1979 1624 2051 Qui
1654 1989 1719 2040 ut
1756 1990 1923 2044 erant
1948 1981 2126 2041 rebus
2154 1969 2428 2060 cognitis,
2472 1981 2732 2060 legiones

528 2076 642 2144 sibi
664 2097 866 2138 omnes
889 2077 1287 2157 expectandas
1313 2097 1433 2138 non
1459 2078 1809 2152 existimans,
1839 2097 1913 2142 ne
1940 2096 2102 2140 mora
2129 2077 2454 2157 periculum
2481 2077 2735 2139 allatura

528 2182 705 2247 esset,
733 2175 992 2235 evocatis
1019 2174 1316 2253 proximis,
1347 2173 1528 2235 satius
1557 2172 1757 2234 ”dixit
1782 2172 1904 2236 cito
1943 2193 2080 2234 cum
2109 2174 2332 2252 paucis,
2362 2193 2538 2252 quam
2567 2172 2734 2235 tarde

526 2289 668 2346 cum
716 2270 918 2334 multis
972 2270 1288 2352 proficisci.
1406 2273 1825 2348 Convenerunt
1878 2270 1982 2350 qui
2034 2271 2232 2331 vocati
2285 2280 2450 2332 erant
2503 2289 2731 2348 omnes.

530 2365 789 2430 Labieno
816 2367 1150 2446 scripserat,
1184 2377 1251 2428 ut
1275 2368 1322 2428 si
1348 2368 1689 2448 reipublicae
1716 2367 2032 2430 commodo
2061 2377 2264 2448 posset
2291 2368 2365 2428 ad
2399 2385 2458 2427 se
2486 2368 2732 2434 veniret.

530 2464 642 2527 lue
666 2465 976 2544 rescripsit,
1000 2465 1242 2545 legionis
1272 2475 1333 2525 et
1361 2465 1684 2545 legatorum
1709 2465 1884 2543 ,caede
1912 2465 2173 2527 sublatos
2201 2464 2424 2527 animos
2450 2465 2730 2537 hostium,

530 2570 592 2623 et
633 2580 866 2623 omnem
911 2571 1266 2641 potestatem
1295 2562 1674 2624 Trevirorum
1717 2562 1791 2622 ad
1842 2562 1950 2624 tria
1982 2562 2141 2623 milia
2166 2582 2440 2642 passuum
2469 2562 2529 2623 in
2556 2561 2733 2623 armis

531 2678 683 2722 esse:
728 2659 777 2720 si
803 2659 1071 2721 discedat
1098 2661 1215 2721 hoc
1244 2660 1305 2718 in
1332 2668 1511 2731 statu,
1543 2678 1664 2721 uon
1702 2659 2149 2737 profectionem,
2175 2659 2275 2721 sed
2305 2659 2504 2738 fugam
2532 2660 2733 2738 potius

531 2754 719 2819 visum
749 2757 848 2828 iri;
893 2774 1001 2815 nec
1047 2766 1329 2834 praeterea
1375 2773 1548 2816 suum
1590 2755 1701 2816 iter
1749 2774 1957 2815 vacare
1989 2754 2274 2834 periculo.
2326 2755 2460 2833 [98]
2528 2758 2734 2823 Caesar

533 2852 805 2929 quamvis
848 2851 927 2911 ad
969 2871 1192 2930 paucos
1237 2851 1531 2922 redactus,
1578 2853 1752 2932 legati
1802 2852 1981 2915 ”tum
2007 2852 2317 2912 consilium
2346 2853 2730 2932 approbavit}

533 2945 797 3029 dumque
823 2947 900 3008 ad
931 2948 1124 3008 hostes
1156 2957 1447 3027 properat,
1492 2951 1549 3009 in
1577 2950 1781 3012 itinere
1807 2949 2053 3027 audivit,
2104 2959 2326 3029 quanto
2371 2949 2527 3028 apud
2559 2949 2735 3033 Cice?

532 3063 731 3113 ronem
779 3044 839 3103 in
894 3044 1225 3105 discrimine
1278 3065 1368 3106 res
1424 3058 1636 3109 essent.
1717 3046 1881 3107 Illius
1936 3066 2076 3126 ergo
2127 3046 2436 3118 sollicitus,
2485 3047 2733 3109 Gallum

533 3141 790 3220 equitem
846 3141 1141 3225 quendam
1198 3141 1495 3221 promissis
1549 3141 1881 3220 ingentibus
1928 3142 2175 3222 impellit
2227 3141 2414 3204 ⁴0lites
2462 3162 2597 3203 suas
2653 3143 2729 3209 ad

536 3236 879 3307 Ciceronem
912 3237 1079 3310 ferat,
1108 3247 1167 3301 et
1196 3239 1244 3298 si
1285 3248 1480 3301 castra
1507 3238 1734 3317 ingredi
1760 3249 2014 3317 nequeat
2040 3239 2306 3318 alligatas
2346 3239 2552 3317 jaculo
2579 3239 2734 3313 intra

532 3335 752 3413 ‚vallum
770 3335 984 3413 jaciat:
1028 3344 1190 3414 paret
1238 3334 1366 3405 ille;
1408 3342 1470 3393 et
1497 3332 1575 3392 ad
1619 3345 1812 3394 castra
1841 3353 1976 3395 cum
2003 3336 2270 3406 venisset,
2301 3334 2587 3396 accedere
2612 3357 2734 3399 me·

536 3441 725 3505 tuens,
776 3442 838 3493 ut
879 3433 1084 3511 jussus
1131 3442 1256 3491 erat
1301 3431 1519 3491 litteras
1562 3431 1880 3509 jaculatur.
1962 3432 2088 3492 111ae
2135 3451 2279 3491 casu
2328 3432 2626 3510 quandam
2673 3433 2733 3492 in

532 3529 740 3595 turrim
767 3529 1132 3600 inciderunt3
1175 3548 1366 3607 neque
1393 3548 1429 3588 a
1457 3547 1754 3605 quoquam
1782 3538 1916 3588 ante
1943 3528 2094 3589 diem
2123 3530 2358 3589 tertium
2386 3529 2527 3589 visae
2556 3539 2730 3603 sunt3

536 3634 681 3695 tunc
722 3637 1058 3711 conspectas
1104 3646 1141 3684 a
1180 3624 1437 3704 quodam
1486 3624 1668 3685 milite
1710 3625 2117 3698 detrahuntur,
2165 3634 2226 3684 et
2271 3626 2346 3685 ad
2395 3626 2592 3702 ipsum'
2635 3625 2734 3688 cui

536 3718 834 3801 inscriptae
898 3734 1064 3785 erant
1113 3722 1459 3785 Ciceronem
1516 3721 1778 3802 perlatas,
1833 3732 2012 3801 atque
2067 3722 2127 3782 in
2182 3722 2434 3785 concilio
2484 3722 2733 3787 militum

537 3817 797 3889 recitatas
826 3839 1037 3899 magna
1076 3840 1277 3879 omnes
1319 3818 1540 3879 fiducia
1584 3828 1646 3879 et
1681 3817 1898 3898 gaudio
1946 3819 2268 3897 replevere.
2349 3821 2490 3880 Erat
2537 3830 2734 3881 autem

539 3914 841 3994 perbrevis
885 3917 1157 3996 epistola,
1209 3936 1281 3977 ne
1329 3935 1364 3975 a
1408 3915 1670 3979 barbaris
1709 3928 1908 3995 posset
1954 3915 2222 3994 intelligi,
2260 3916 2480 3995 scripta
2527 3917 2732 3979 litteris

538 4011 770 4077 Graecis
798 4012 913 4075 hac
954 4012 1262 4075 sententia.
1347 4014 1518 4097 ‘Ego
1562 4014 1694 4091 jam
1747 4032 1886 4083 cum
1940 4012 2269 4091 legionibus
2325 4013 2434 4073 iter
2481 4013 2732 4095 arripui:

542 4228 549 4235 '
603 4233 669 4281 ⁸⁷
702 4220 862 4315 Lege,
881 4231 1270 4298 suppliciis-ss
1302 4236 1464 4323 Lege,
1484 4235 1777 4290 datin-so
1807 4237 1968 4303 Lege,
1989 4238 2291 4291 taram-⁴0
2322 4234 2499 4298 Forte,
2518 4231 2703 4305 liter-«ps.
