3017 4925
861 374 960 425 nn
1001 375 1179 424 ινιτ-Α
1225 375 1428 425 suen
1490 373 1841 425 cassum.
2289 358 2473 430 1826.

253 534 448 597 endum
491 529 640 593 dicit
682 528 971 608 epistota:
1017 529 1196 590 (Non
1224 549 1317 589 me
1360 529 1536 607 igitur
1576 529 1623 589 is
1670 529 1856 600 ducit,
1896 529 1994 603 sed
2037 550 2229 593 sermo
2271 530 2460 594 homi-

255 635 428 711 num?
514 629 594 688 Et
643 645 843 687 rursus
887 625 944 703 in
997 643 1098 686 tx.
1150 648 1284 688 cum
1330 626 1611 688 dixisset:
1672 637 1689 663 ‘
1720 622 2055 689 Mirandum
2104 629 2160 689 in
2214 630 2458 691 modum

253 731 444 792 Gneus
475 733 678 805 noster
700 723 903 783 Sillani
922 722 1084 801 regni
1111 724 1539 784 similitudinem
1566 726 1948 804 concupivit?
1974 726 2234 786 addidit:
2258 735 2277 763 ‘
2300 729 2475 797 Cum:

251 828 362 888 boc
389 845 466 884 ne
496 822 727 901 inquies
754 840 880 899 esse
918 820 1004 879 vis
1016 822 1061 879 ’ζ’
1088 830 1146 880 et
1175 821 1574 900 respondens:
1606 830 1623 854 ‘
1656 821 2056 893 Beneficium,'
2082 822 2343 902 inquit,'‘
2372 843 2469 897 seq

253 942 417 1005 quor,
450 921 591 981 mibi
619 919 814 990 crede,
845 938 965 978 non
993 922 1266 978 causam!
1345 920 1420 978 Et
1448 918 1586 978 alibi
1607 918 1683 978 de
1710 918 1951 980 eodem:
1982 924 1999 954 ‘
2029 920 2091 980 Si
2122 921 2339 993 vincit,'
2367 921 2461 980 in-

251 1020 397 1100 quit,
426 1028 448 1058 ⁸
471 1017 696 1078 Siliano
737 1036 895 1093 more
937 1017 1329 1096 exemploque
1352 1015 1632 1076 ³⁶vincit:'
1674 1025 1731 1076 et
1760 1017 1988 1076 statim:
2024 1026 2041 1052 ‘
2074 1020 2212 1078 Mea
2262 1029 2471 1079 autem:

250 1136 424 1178 cum
440 1113 554 1175 alia
584 1123 691 1185 est,
720 1112 893 1193 [181]
913 1112 1326 1191 qui-beneficio
1349 1113 1594 1174 ³⁷victus
1610 1113 1865 1192 ingratus
1889 1134 2016 1175 esse
2038 1134 2153 1179 nou
2179 1115 2474 1195 possum.'.

249 1213 447 1275 Multa
477 1210 686 1269 ³⁸sicut
715 1210 981 1288 id'genus
1008 1208 1067 1267 in
1113 1209 1263 1269 illius
1290 1209 1549 1288 epistolis
1576 1209 1653 1271 ab
1695 1211 1934 1271 homine
1964 1232 2081 1273 non
2110 1212 2296 1272 solum
2320 1213 2462 1273 doc-

248 1310 476 1373 tissimo
503 1306 608 1367 sed
630 1305 1000 1376 amicissimo,
1025 1306 1079 1365 in
1106 1308 1450 1386 Pompejum
1474 1306 1658 1377 dicta,
1682 1319 1746 1368 ut
1774 1308 1997 1369 scilicet
2027 1308 2280 1388 undique
2315 1308 2465 1368 fides

249 1415 504 1469 constet.
557 1403 676 1464 Sed
707 1424 817 1482 ego
845 1404 972 1463 haec
993 1423 1181 1482 pauca
1210 1415 1270 1464 et
1297 1405 1370 1465 ad
1397 1425 1516 1465 rem
1538 1405 1614 1465 de
1642 1404 1762 1483 ‘qua
1789 1406 1981 1483 agitur
1997 1406 2325 1485 spectantia
2345 1415 2404 1467 et
2425 1425 2460 1465 e

248 1503 403 1571 locis
431 1502 848 1563 secretioribus
867 1502 1132 1580 ”erupta
1160 1502 1409 1562 libenter
1425 1503 1699 1582 apposui,
1725 1513 1791 1563 ut
1818 1502 2119 1582 utriusque
2140 1503 2324 1581 partis
2348 1510 2480 1563 me:

247 1600 359 1665 rita
387 1619 510 1659 non
540 1618 723 1681 usque
745 1598 895 1658 adeo
925 1608 990 1658 ut
1017 1610 1303 1679 putantur
1329 1601 1589 1680 imparia,
1620 1610 1682 1661 et
1712 1611 2023 1679 utrumque
2051 1598 2206 1661 sicut
2234 1600 2462 1660 dictum

249 1708 358 1768 est,
389 1715 637 1776 regnare
666 1695 917 1756 voluisse
937 1716 1151 1773 magno
1179 1717 1250 1756 ac
1281 1696 1402 1757 tide
1429 1697 1611 1775 digno
1640 1707 1788 1758 teste
1806 1700 2118 1758 constaret.
2170 1697 2260 1756 Ad
2283 1697 2462 1757 bisto-

247 1795 354 1855 riae
380 1793 589 1855 seriem
609 1802 887 1872 revertor.
947 1795 1104 1853 Dum
1135 1795 1429 1871 Ravenna
1457 1813 1596 1873 ergo
1614 1794 1966 1855 substitisset
1994 1797 2212 1866 Caessr,
2239 1815 2312 1854 ne
2333 1814 2477 1873 pro<

250 1890 464 1953 vineias
493 1910 617 1950 snae
644 1889 924 1950 terminos
941 1891 1421 1969 transgrediendo
1449 1903 1647 1970 aperte
1675 1908 1845 1972 agere
1888 1902 2096 1952 contra
2125 1892 2469 1971 Rempubli-

248 2008 386 2049 cum
433 1986 752 2059 videretur,
801 1987 1062 2054 audiens
1086 1988 1373 2059 tribunos,
1426 1974 1533 2067 qui
1581 2008 1691 2068 pro
1718 1990 1817 2049 'eo
1871 1998 2053 2060 erant,
2102 1988 2483 2067 contemptui›

250 2085 510 2155 habitos,
537 2094 600 2145 et
626 2084 715 2143 vel
745 2083 799 2143 vi
839 2084 988 2144 urbe
1022 2085 1323 2163 depulsos,
1361 2087 1455 2161 vel
1483 2106 1587 2147 sua
1628 2097 1837 2165 sponte
1877 2085 2204 2165 digressos;
2264 2088 2485 2146 Romae=

253 2202 460 2251 omnes
490 2180 846 2243 unanimiter
886 2193 1094 2241 contra
1139 2202 1200 2242 se
1247 2181 1476 2254 sentire,
1506 2185 1702 2243 omnia
1745 2184 1835 2243 sui
1877 2182 2014 2245 odio
2056 2183 2255 2242 divina
2291 2191 2471 2262 atque

248 2281 512 2351 humana
537 2279 775 2340 misceri
801 2298 873 2339 ac
891 2278 1181 2358 perverti:
1227 2298 1289 2337 se
1311 2298 1549 2359 quoque
1571 2299 1677 2358 per
1702 2280 2040 2358 patientiam
2065 2278 2481 2358 contemptum*

249 2368 318 2447 iri
347 2377 658 2457 engitman
705 2395 894 2456 neque
910 2377 1042 2453 jam
1082 2376 1336 2456 amplius
1373 2376 1697 2447 ferendum,
1728 2375 2332 2454 dissimulandumque
2372 2375 2485 2435 ali-1

253 2476 400 2557 qnid
427 2474 806 2536 existimans:
848 2475 1109 2536 evocatis
1136 2474 1463 2554 legionibus
1491 2475 1850 2553 ubicumque
1874 2473 2107 2545 ⁴0esset,
2135 2472 2487 2551 praemissi3-·

253 2593 366 2653 que
412 2572 596 2642 clam,
642 2591 775 2650 quae
817 2580 960 2634 tunc
1004 2571 1267 2650 aderant,
1311 2572 1693 2642 cohortibus;
1754 2591 1829 2631 ne
1873 2589 2051 2649 quam
2095 2570 2232 2628 novi
2278 2577 2489 2628 motus·

255 2671 598 2750 opinionem
629 2669 867 2729 turbido
895 2667 1098 2728 babitu
1126 2670 1438 2749 praeberet,
1456 2669 1553 2730 die
1578 2669 1677 2728 illa
1704 2681 1765 2730 et
1794 2667 2061 2728 convivio
2086 2676 2147 2728 et
2172 2676 2491 2746 spectaou-.

254 2767 622 2838 122⁴·otiosis·
651 2766 954 2826 interfuit:
998 2786 1125 2826 sero
1149 2776 1341 2827 eutem
1387 2766 1751 2826 clandestino
1794 2785 2023 2844 egressu
2051 2773 2337 2824 secretum
2367 2762 2478 2822 iter

257 2865 465 2945 paucis
494 2863 816 2925 comitatus
844 2863 1129 2942 arripuit:
1171 2864 1229 2922 in
1260 2885 1381 2943 quo
1412 2883 1548 2924 cum
1570 2872 1694 2922 tota
1721 2872 1896 2923 nocte
1923 2862 2244 2922 deerrasset
2272 2860 2367 2920 vix
2396 2857 2475 2919 ud

258 2981 534 3028 auroram
565 2960 676 3020 viae
701 2960 915 3021 ducem
935 2980 1108 3020 casus
1135 2960 1351 3020 obtulit
1375 2982 1391 3021 ι
1438 2981 1559 3040 quo
1583 2961 1823 3040 praevio,
1853 2961 1929 3021 ad
1955 2960 2326 3021 rectum-iter
2354 2976 2480 3038 per·

259 3061 432 3140 plexo
485 3078 563 3120 ac
589 3057 812 3118 difficili
855 3056 1003 3117 calle
1044 3076 1328 3130 reversus,
1358 3058 1723 3137 inventisque
1763 3058 2124 3129 cohortibus,
2157 3077 2302 3137 quas
2331 3075 2480 3134 prae-

263 3158 522 3230 miserat,
553 3153 630 3214 ad
659 3153 1028 3214 Rubiconem
1057 3152 1235 3225 venit,
1268 3173 1495 3214 amnem
1527 3155 1822 3234 exiguum,
1842 3155 1940 3215 sed
1966 3175 2306 3235 magnarum
2337 3165 2481 3237 tunc

261 3255 508 3315 limitem
563 3252 884 3329 regionum,
903 3285 916 3298 ι
941 3249 1045 3309 ubi
1097 3269 1416 3329 parumper
1456 3252 1894 3330 cogitabundus
1947 3252 2223 3323 substitit,
2278 3270 2479 3334 secum

263 3353 481 3413 ucitns
524 3349 858 3410 examinans
889 3357 1175 3427 quantum
1216 3368 1368 3428 opus
1407 3349 1854 3428 aggrederetur:
1900 3349 2130 3409 tandem
2159 3367 2361 3408 versus
2401 3346 2479 3408 ad

266 3451 551 3522 comites:
609 3458 625 3481 ‘
656 3447 912 3519 Adhuc:
943 3447 1152 3525 inquit,
1181 3455 1200 3483 ‘
1224 3447 1429 3527 coeptis
1457 3447 1758 3519 absistere,
1788 3466 1859 3507 ac
1899 3446 2106 3507 reverti
2134 3445 2299 3504 licet:
2343 3452 2411 3504 at
2432 3443 2482 3502 si

264 3547 454 3610 tivum
485 3547 651 3605 hunc
680 3545 1156 3623 transgredimur,
1188 3543 1339 3605 ferro
1367 3544 1624 3623 gerenda
1664 3544 1836 3604 nobis
1863 3553 2037 3604 erunt
2075 3544 2305 3602 omnia!
2386 3541 2501 3602 tbi·

267 3643 493 3708 haeoem
515 3641 853 3722 dubiusque
871 3641 1049 3704 animi
1071 3666 1087 3713 ς
1121 3641 1531 3719 hujuscemodi
1553 3639 2055 3700 visione-firmatus
2075 3650 2191 3699 est:
2224 3637 2481 3708 Quidam

268 3741 378 3802 sibi
403 3749 466 3800 et
494 3750 724 3799 statura
765 3747 825 3798 et
852 3739 1047 3817 specie
1074 3739 1332 3817 corporis
1370 3757 1542 3817 supra
1574 3738 1892 3797 humanum
1922 3737 2156 3798 modum
2188 3736 2361 3816 [182]
2386 3758 2481 3797 su-

271 3837 396 3900 bito
439 3838 604 3898 visus
645 3846 753 3909 est,
783 3835 882 3914 qui
934 3836 1118 3896 amnis
1161 3835 1237 3895 ad
1281 3835 1469 3914 ripam
1512 3837 1740 3907 sedens,
1777 3835 2031 3914 pastoria
2071 3834 2485 3906 modulabatur

273 3933 553 4020 nundine
577 3955 594 3994 ε
652 3932 733 3992 ad
762 3951 936 4010 quem
967 3941 1030 3992 ut
1058 3932 1270 3992 animal
1310 3951 1430 3991 non
1457 3931 1645 3992 visum
1676 3953 1825 3993 cum
1841 3942 1905 3993 et
1928 3942 2190 4012 pastores
2218 3932 2481 3992 locorum

335 4182 400 4229 ω
442 4178 609 4242 Lege,
646 4175 962 4226 moen—³⁷⁴
982 4177 1141 4241 Lege,
1174 4176 1505 4227 vinctu—88
1550 4177 1729 4242 Forte,
1766 4178 2027 4228 sunt—39
2066 4175 2224 4240 Lege,
2263 4177 2485 4223 eruta.—

277 4262 339 4310 »to
359 4260 523 4326 Lege,
543 4261 846 4307 ment—⁴1
869 4258 1028 4323 Lege,
1048 4259 1240 4312 otiosus.

404 4353 590 4422 Daph.
613 4357 661 4403 et
694 4351 808 4403 Ver.
831 4355 958 4406 Clas.
1412 4356 1537 4409 Coes.
2247 4358 2277 4402 ⁶
2312 4352 2356 4403 Z
