3017 4925
522 386 699 460 2⁰14
1246 400 1560 453 Josnrm
1607 398 2011 452 scaniensi

521 569 653 616 non
693 549 911 615 solum
953 547 1336 635 Aquitaniae
1380 550 1500 616 sed
1541 551 1746 616 etiam
1788 549 1994 615 totius
2039 547 2285 615 Galliae
2335 548 2743 618 fluminibus.

613 652 936 721 Gehenna.
1025 654 1486 731 Scribendum.
1526 653 1838 721 Cebenna
1878 674 2002 739 per
2041 651 2123 718 C.
2206 650 2329 717 Les
2379 648 2654 719 Cebenes
2692 662 2747 719 et

529 757 817 826 Cevenes.

615 861 949 928 Genabum
978 862 1098 948 qui
1136 869 1379 945 negant
1407 860 1990 928 Aurelianensium
2021 860 2257 926 urbem
2299 880 2474 941 esse,
2505 861 2754 926 habent

522 968 836 1054 opposita
879 985 1105 1034 omnes
1135 967 1273 1033 veri
1319 966 1607 1049 vestigia
1648 964 1829 1050 apud
1861 962 2203 1030 Caesarem
2242 968 2310 1029 et
2356 964 2572 1029 multa
2615 963 2752 1028 alia

528 1075 932 1154 argumenta.
1018 1068 1201 1135 Nam
1229 1088 1368 1155 quo
1409 1069 1673 1133 nomine
1706 1066 1993 1132 vocandi
2037 1071 2209 1148 sunt,
2241 1068 2358 1152 qui
2391 1062 2452 1129 G
2460 1065 2562 1129 ien
2605 1083 2755 1131 esse

529 1178 768 1258 putant
785 1175 816 1237 ‘l

616 1274 896 1342 Geneva.
963 1277 1197 1344 Media
1225 1278 1468 1364 corripi
1497 1276 1715 1354 debe't,
1745 1281 1823 1341 ut
1857 1276 1926 1339 in
1956 1273 2204 1340 Elusa:
2249 1273 2609 1359 qnodnon
2645 1293 2755 1340 so·

522 1380 667 1446 lum
697 1380 1092 1448 Helveticus
1138 1380 1641 1448 Germanismus
1669 1378 1983 1458 ostendit,
2013 1380 2131 1464 qni
2166 1374 2374 1469 Genff
2386 1382 2611 1455 vocat,
2638 1375 2755 1441 sed

524 1483 728 1550 etiam
768 1484 898 1568 ipsi
936 1485 1166 1549 rustici
1199 1482 1662 1560 suburbicarii,
1708 1487 1779 1548 et
1817 1482 2055 1567 reliqui
2096 1480 2427 1547 Sabaudi:
2472 1482 2594 1565 qui
2629 1479 2757 1544 Ze-

525 1604 761 1660 nevam
816 1593 1098 1653 accentu
1152 1588 1222 1651 in
1278 1588 1492 1671 prima
1537 1586 1907 1651 enunciant.
1998 1584 2131 1651 Sed
2200 1583 2549 1649 Gallorum
2594 1603 2757 1669 pro-

529 1692 750 1775 prium
796 1698 901 1757 est
940 1690 1226 1755 mediam
1268 1696 1647 1774 correptam
1697 1689 2099 1774 produceret
2142 1684 2469 1774 publique,
2496 1683 2756 1773 facile.-

531 1812 685 1878 quae
717 1792 955 1859 Latine
988 1794 1361 1878 corripitur.

539 1931 552 1939 -
624 1892 968 1983 Gergovia.
1041 1894 1413 1981 Supersunt
1443 1895 1758 1980 quaedam
1785 1897 2073 1980 vestigia
2101 1915 2251 1961 cum
2283 1896 2481 1961 veteri
2510 1894 2719 1981 appel

529 1999 770 2065 latione
800 1999 1057 2083 aliquot
1083 1999 1321 2064 stadiis
1335 1991 1438 2064 'ab
1466 2000 1632 2064 urbe
1665 1999 2190 2064 Claromontensi
2219 1997 2701 2065 Arvernorum.

629 2097 872 2166 Helvii.
949 2100 1271 2167 Diximus
1335 2121 1541 2187 supra
1597 2122 1747 2166 esse
1795 2098 1850 2165 Ie
1902 2123 2062 2188 pays
2109 2100 2185 2165 de
2249 2097 2311 2163 V
2307 2100 2582 2167 ivarais:
2652 2099 2767 2166 ubi

530 2203 714 2271 Alba
772 2204 1166 2270 Helviorum
1225 2204 1369 2270 sine
1428 2204 1634 2270 dubio
1684 2203 2007 2285 Aubenm,
2060 2206 2132 2269 id
2187 2210 2308 2283 est,
2359 2203 2760 2272 Albanam.

532 2307 769 2376 Caesar
812 2313 992 2373 trans
1024 2308 1382 2374 Rodanum
1431 2309 1592 2374 dicit
1637 2328 1808 2387 esse,
1838 2315 1906 2374 et
1951 2315 2143 2375 extra
2177 2308 2592 2395 provinciam
2622 2306 2762 2373 Ro-

533 2431 824 2494 manam,
855 2412 1206 2498 proximos
1234 2410 1571 2493 AlverniS‚
1598 2419 1665 2479 et
1693 2412 2024 2479 Cebennis
2052 2414 2414 2479 montibus.

621 2513 810 2582 Icius.
885 2516 1009 2583 Est
1065 2518 1585 2602 promontorium
1639 2537 1850 2602 prope
1913 2517 2287 2582 Bononiam
2325 2517 2764 2583 maritimam.

531 2617 800 2686 Navale
824 2630 1046 2689 autem
1074 2621 1317 2687 dicitur
1334 2621 1817 2687 Gessoriacus:
1868 2627 1935 2687 et
1961 2620 2264 2699 delirant,
2294 2620 2410 2704 qui
2439 2619 2625 2685 aliud
2648 2639 2767 2686 vo·

531 2722 673 2788 lunt
696 2743 847 2790 esse
892 2743 936 2788 a
962 2724 1187 2789 navali
1218 2723 1649 2789 Bononiensi.
1737 2723 1917 2788 Nam
1943 2720 2153 2788 multa
2182 2721 2505 2787 adversus
2534 2741 2767 2787 eorum

532 2826 964 2909 pertinaciam
1003 2825 1212 2911 objici
1257 2832 1566 2909 possunt.
1655 2823 1753 2891 At
1796 2827 1911 2910 qui
1955 2824 2175 2890 Icium
2219 2824 2544 2908 oppidum
2587 2820 2770 2888 Cales

534 2944 687 2990 esse
715 2930 974 3010 putant,
1002 2927 1183 2992 nullo
1215 2927 1484 3009 negotio
1516 2927 1897 2993 refelluntur
1915 2948 1959 2992 a
1980 2926 2353 2993 Ptolemaeo
2380 2949 2398 3008 3
2445 2927 2564 3012 qui
2589 2929 2774 3012 prins

534 3028 721 3113 ponit
747 3026 990 3106 Icium,
1014 3027 1254 3094 deinde
1284 3029 1798 3112 Gessoriacum3
1843 3031 1973 3097 hoc
1990 3037 2097 3097 est
2125 3030 2195 3097 N
2199 3032 2393 3098 avale
2416 3029 2769 3105 Bononiae,

532 3150 574 3197 a
611 3149 748 3215 quo
789 3129 1111 3215 oppidum
1145 3128 1329 3196 Cales
1373 3131 1584 3198 distat
1610 3132 1967 3217 plusquam
2009 3133 2244 3217 viginti
2284 3134 2582 3197 millibus
2614 3149 2770 3215 pas-

537 3253 771 3300 suum:
815 3234 946 3299 hoc
975 3239 1101 3313 est,
1132 3233 1350 3300 leucis
1381 3234 1678 3319 Belgicis
1706 3241 1985 3320 septem.

545 3389 554 3398 .
628 3332 1003 3402 Lemovices.
1084 3333 1182 3400 Le
1233 3359 1390 3423 pays
1451 3348 1514 3404 et
1558 3334 2026 3401 Seneschaussee
2068 3335 2143 3402 de
2195 3334 2500 3404 Limosin.
2594 3338 2775 3406 Urbs

538 3459 766 3507 eorum
815 3439 1220 3506 Ratiastum.
1315 3443 1453 3509 Sed
1512 3441 2002 3507 Commentario
2060 3446 2328 3522 octavo,
2392 3443 2510 3508 ubi
2572 3443 2775 3529 vulgo

540 3541 792 3608 editum
834 3549 963 3625 est,
1020 3548 1042 3579 ‘
1065 3546 1155 3610 ad
1185 3547 1519 3632 oppidum
1550 3542 1945 3609 Lemovicum
1989 3544 2325 3611 contendit
2342 3543 2382 3627 ;’
2423 3546 2777 3630 legendum

545 3639 888 3708 Lemonum
906 3670 927 3709 .-
987 3648 1176 3732 cujus
1229 3648 1466 3735 oppidi
1507 3648 1757 3713 mentio
1815 3649 1882 3714 in
1925 3646 2270 3716 Itinerario
2320 3646 2668 3731 Antonini,
2715 3654 2779 3714 et

541 3745 728 3830 apud
758 3746 1224 3818 Ptolemaeum.

634 3844 910 3934 Ligeris.
988 3851 1157 3935 Ejus
1187 3861 1387 3939 caput
1412 3860 1514 3921 est
1547 3856 1613 3920 in
1643 3874 1819 3940 pago
1845 3853 2176 3933 Velauno,
2206 3860 2273 3920 et
2300 3854 2498 3936 vulgo
2541 3853 2779 3927 dicitur

503 4021 508 4026 ¹
545 3946 610 4012 la
643 3946 806 4016 Font
850 3950 926 4016 de
958 3950 1164 4033 Leire,
1189 3958 1316 4022 hoc
1363 3964 1466 4023 est
1496 3958 1650 4024 fons
1691 3958 1966 4041 Ligeris.
2056 3956 2335 4042 Excipit
2378 3958 2679 4039 ingentes
2716 3964 2780 4023 et

543 4054 960 4138 navigiorum
982 4059 1310 4141 patientes
1333 4060 1576 4125 fluvios
1588 4080 1719 4126 non
1743 4079 2032 4145 paucos:
2064 4060 2135 4124 in
2155 4058 2403 4143 quibus
2422 4057 2774 4140 Elaverim,

544 4156 863 4222 aemulum
940 4159 1099 4243 ipsi,
1174 4181 1390 4246 neque
1456 4162 1911 4245 magnitudine
1981 4162 2344 4240 cedentem,
2421 4165 2492 4226 et
2566 4161 2776 4245 magis

543 4258 1017 4345 pisculentum
1077 4262 1347 4346 Garum,
1404 4267 1516 4334 vel
1552 4265 1811 4349 Carem,
1870 4275 1946 4335 ut
1978 4268 2179 4334 habet
2224 4264 2773 4332 Fortunatianus:
