3017 4925
468 327 643 405 1⁷20
1110 353 1171 404 s.
1217 351 1431 402 cnnsr
1481 349 2020 403 conmanunt!
2045 347 2050 352 ·

468 522 669 583 gressu
697 501 961 583 superior
984 501 1277 583 equitatus
1305 505 1622 578 Romanus,
1662 521 1839 584 quem
1886 505 2088 565 Caesar
2123 503 2183 563 in
2225 491 2423 566 castra
2460 499 2672 586 proelio

470 600 836 681 prosperiore
861 601 1145 662 reducere
1187 611 1497 663 contentus
1526 602 1668 663 fuit:
1720 605 1915 663 hostes
1943 603 2043 663 ubi
2073 602 2483 663 intellexerunt
2517 602 2676 664 frus-

471 707 561 762 tra
589 718 652 758 se
688 698 917 778 paludis
943 699 1248 760 transitum
1290 709 1625 780 exspectare
1665 700 1880 761 flumen
1922 698 2193 760 ⁶0vadere
2238 699 2348 759 nisi
2385 705 2558 760 sunt:
2602 704 2674 760 ut

472 794 523 856 si
551 804 794 876 possent
818 796 1127 857 castellum
1155 816 1190 855 a
1216 797 1451 859 Titurio
1474 796 1826 859 ⁶¹incessum
1850 807 2124 878 caperent
2151 805 2512 876 pontemque
2537 794 2675 876 [46]

472 891 924 972 confringerent,
979 891 1083 954 ⁶²si
1136 894 1347 967 minus,
1397 895 1592 956 vicina
1636 915 1777 956 arva
1825 904 2115 955 vastarent
2163 893 2439 954 Romanis
2486 892 2676 965 utilia,

466 1007 660 1069 eaque
713 999 883 1069 parte
932 999 1211 1051 venturos
1264 990 1673 1070 interciperent
1728 999 2123 1053 commeatus:
2191 990 2407 1051 certior
2458 990 2534 1050 de
2586 989 2675 1050 eis

470 1087 679 1148 Caesar
703 1107 739 1147 a
764 1087 997 1148 Titurio
1025 1087 1295 1161 effectus,
1336 1089 1662 1168 equitatum
1693 1089 2000 1166 levemque
2026 1095 2376 1147 armaturam
2405 1084 2479 1145 ad
2524 1104 2680 1166 proe-

470 1182 685 1244 sidium
724 1183 841 1244 loci
867 1183 1071 1244 ducit:
1123 1184 1325 1261 ibique
1366 1184 1677 1244 durissimo
1725 1186 1919 1246 Marte
1963 1199 2318 1245 concursum
2354 1193 2475 1244 est:
2525 1182 2677 1244 dum

471 1280 723 1341 Romani
756 1281 976 1359 primos
1005 1281 1201 1342 hostes
1227 1282 1287 1342 in
1327 1284 1568 1343 transitu
1608 1282 1857 1343 fluminis
1883 1292 2207 1361 occupatos
2243 1301 2277 1341 e
2303 1280 2431 1359 ripa
2457 1280 2679 1359 dejice·

474 1386 606 1437 reut
662 1375 1094 1457 caederentque,
1141 1385 1202 1438 et
1253 1379 1554 1458 proximos
1607 1379 1929 1439 animosius
1974 1398 2149 1458 quam
2198 1377 2524 1438 consultius
2566 1395 2678 1456 per

467 1471 722 1552 priorum
752 1471 1035 1534 cadavera
1061 1484 1449 1548 transeuntes,
1494 1475 1676 1535 densa
1701 1475 2003 1534 missilium
2031 1475 2191 1536 nube
2217 1473 2679 1553 comprimerent

472 1566 909 1650 6³arcentesque
934 1591 949 1629 :
989 1579 1052 1632 et
1078 1572 1125 1630 si
1150 1570 1302 1631 forte
1328 1572 1672 1632 transissent
1698 1573 1756 1631 in
1784 1581 1993 1651 aperto
2021 1572 2286 1632 inventos
2315 1590 2387 1632 ac
2413 1589 2681 1651 praeven-

470 1674 562 1727 tos
589 1666 963 1740 occiderent:
1012 1669 1098 1729 sic
1125 1670 1339 1748 repulsi
1377 1670 1640 1749 undique
1680 1679 1740 1730 et
1775 1669 2050 1730 frumenti
2096 1668 2294 1748 inopia
2337 1669 2676 1729 laborantes

469 1764 767 1824 communi
793 1765 1039 1826 consilio
1064 1766 1452 1829 decreverunt
1486 1787 1684 1847 operae
1732 1766 1983 1847 pretium
2022 1766 2169 1838 fore,
2211 1774 2278 1827 ut
2323 1783 2465 1844 gens
2511 1779 2679 1843 quas-

467 1860 614 1921 libet
642 1860 701 1920 iu
728 1877 892 1922 suam
918 1862 1166 1941 patriam
1195 1864 1452 1925 rediret:
1498 1875 1560 1925 et
1587 1863 1683 1925 cui
1726 1862 1978 1924 Romani
2019 1862 2274 1941 primum
2317 1879 2481 1921 arma
2523 1861 2679 1921 intu-

468 1956 693 2030 lissent,
735 1977 809 2018 eo
848 1978 1053 2020 omnes
1092 1971 1500 2022 accurrerent:
1554 1959 1783 2040 sibique
1826 1959 2078 2018 invicem
2128 1975 2297 2036 opem
2348 1956 2564 2017 ferrent
2610 1966 2677 2019 et

471 2052 589 2114 suis
617 2052 881 2132 frugibus
907 2056 1237 2128 alerentur:
1280 2066 1342 2118 et
1381 2057 1501 2117 suis
1545 2057 1607 2115 iu
1648 2055 1865 2117 finibus
1908 2054 2270 2134 potissimum
2310 2054 2677 2116 dimicarent.

472 2149 740 2211 Accessit
783 2151 860 2211 ad
906 2152 1051 2212 alias
1092 2152 1438 2214 discedendi
1484 2171 1713 2224 causas,
1762 2151 1924 2231 quod
1978 2151 2357 2223 Divitiacum,
2412 2151 2508 2211 cui
2556 2147 2677 2212 hoo

468 2245 761 2307 Caesarem
803 2248 1118 2326 imperasse
1164 2268 1344 2329 supra
1383 2249 1573 2322 retuli,
1621 2249 2070 2309 Bellovacorum
2116 2248 2281 2308 terris
2326 2247 2676 2326 obequitare

468 2354 871 2423 perceperant,
900 2354 961 2406 et
986 2345 1135 2407 ferre
1162 2347 1279 2407 suis
1307 2346 1587 2406 auxilium
1617 2345 1816 2406 utilius
1843 2344 2227 2418 extimabant,
2258 2364 2433 2424 quam
2461 2343 2674 2423 procul

464 2439 651 2501 domo
678 2461 814 2503 cum
844 2443 1119 2506 Romanis
1142 2462 1303 2515 arma
1331 2443 1623 2505 conferre.
1701 2444 2003 2505 Abeuntes
2050 2450 2226 2504 noete
2262 2440 2423 2502 nullo
2469 2439 2678 2503 ordine

471 2540 817 2619 magnisque
844 2541 1200 2604 clamoribus
1242 2544 1540 2604 Caesarem
1564 2542 1942 2603 exciverunt:
1992 2541 2158 2600 ibant
2202 2547 2399 2601 autem
2440 2557 2559 2613 non
2606 2545 2679 2600 ut

467 2635 573 2708 ire,
603 2635 706 2697 sed
735 2646 802 2697 ut
828 2637 1032 2719 fugere
1059 2640 1432 2701 viderentur:
1479 2641 1684 2718 itaque
1724 2639 1941 2701 veritus
1987 2637 2244 2708 insidias,
2287 2646 2354 2696 ut
2398 2635 2500 2715 qui
2539 2654 2678 2714 pro·-

467 2731 740 2794 fectionis
766 2736 1036 2796 idoneam
1065 2757 1300 2798 causam
1329 2756 1447 2796 non
1476 2736 1722 2808 videret,
1762 2754 1899 2795 suos
1939 2734 2000 2793 in
2040 2733 2247 2793 castris
2287 2732 2449 2792 nullo
2484 2732 2676 2792 tenuit

464 2829 763 2891 tumultu:
818 2831 922 2891 ubi
951 2852 1072 2892 rem
1099 2851 1355 2903 omnem,
1398 2832 1554 2891 sicut
1586 2840 1733 2901 erat,
1778 2827 2423 2909 exploratorumfides,
2459 2836 2522 2889 et
2568 2829 2673 2890 lux

464 2926 876 3005 superveniens
902 2928 1211 3007 patefecit,
1237 2930 1572 3008 equitatum
1614 2930 1945 2988 Romanum
1989 2927 2243 2988 hostium
2285 2924 2545 3005 vestigiis
2587 2926 2674 2985 in·—

464 3028 621 3084 sta're
647 3031 708 3084 et
734 3025 1084 3085 novissimos
1114 3025 1410 3086 retardare
1437 3025 1704 3104 imperat.
1786 3023 2057 3102 Tresque
2085 3021 2224 3083 binc
2252 3022 2505 3099 legiones
2532 3021 2677 3083 sub·-

469 3119 671 3200 sequi:
719 3120 1026 3199 equitatui,
1057 3123 1338 3193 Quintum
1368 3121 1638 3195 Pedium,
1664 3132 1728 3182 et
1763 3118 2065 3182 “Lucium
2094 3119 2490 3180 Arunculeum
2519 3119 2676 3180 cuca·
2777 3168 2784 3176 .

468 3223 631 3288 mm
675 3218 1001 3297 legionibus
1033 3220 1227 3280 ritum
1256 3203 1580 3281 Labienum
1619 3217 1911 3300 praeficit:
1962 3218 2065 3298 qui
2106 3216 2492 3296 impigerrime
2531 3234 2676 3295 pro-

466 3312 611 3376 fecti
635 3324 699 3376 et
724 3326 1007 3378 nocturna
1036 3316 1175 3396 suga
1201 3316 1391 3379 sessos
1426 3337 1498 3378 ac
1526 3317 1822 3398 dispersos
1858 3316 2112 3376 assecuti
2148 3315 2456 3374 maximam
2483 3333 2557 3374 ex
2585 3311 2677 3373 bis

468 3420 722 3495 stragem
750 3413 1011 3487 edidere,
1050 3414 1194 3475 dum
1223 3417 1500 3477 resistunt
1526 3416 1717 3478 ultimi
1744 3424 1992 3496 cogente
2033 3412 2320 3492 periculo,
2364 3410 2539 3490 primi
2566 3426 2678 3470 au·

462 3520 590 3572 tem
636 3511 894 3573 tumultu
938 3512 1166 3574 eminus
1213 3514 1421 3576 audito
1467 3513 1637 3594 quasi
1683 3533 1778 3575 res
1826 3513 1900 3574 ad
1947 3531 2011 3571 se
2055 3508 2291 3570 minime
2335 3507 2677 3586 pertineret,

466 3607 611 3688 fuga
636 3609 749 3669 sibi
777 3610 1031 3688 quisque
1058 3612 1425 3674 consuleret:
1471 3613 1608 3692 [47]
1652 3612 1737 3673 ita
1776 3610 1866 3672 his
1913 3606 2275 3689 urgentibus,
2321 3604 2432 3663 illis
2469 3614 2675 3665 auten

466 3703 565 3765 vel
596 3722 745 3765 vane
783 3705 1192 3768 resistentibus
1233 3709 1325 3769 vel
1371 3710 1547 3789 plane
1574 3709 1606 3741 ⁸*
1633 3706 2015 3769 reddentibus
2059 3704 2185 3782 ipsa
2230 3700 2514 3781 quidem:
2568 3698 2682 3762 aad

467 3816 646 3880 quam
674 3801 853 3882 longa
876 3801 1000 3862 dies
1027 3812 1145 3865 tam
1177 3807 1353 3885 longa
1380 3805 1494 3867 fuit
1520 3806 1698 3867 etiam
1723 3802 2025 3864 bominum
2049 3799 2281 3861 cades:
2317 3817 2448 3858 sero
2475 3805 2675 3859 auten

468 3895 723 3958 Romani
762 3900 820 3960 iu
862 3908 1054 3961 castra
1093 3900 1251 3975 fessi,
1300 3913 1367 3964 ut
1406 3922 1679 3982 auguror,
1723 3911 1784 3962 et
1818 3899 2035 3983 jejuni,
2081 3897 2167 3958 sui
2213 3896 2380 3956 ducis
2425 3891 2676 3972 imperio

462 3993 710 4058 rediere.
787 3995 1076 4059 Triduum
1102 3998 1226 4059 illic
1253 4001 1372 4080 egit
1400 4001 1638 4062 Caesar:
1678 3998 1783 4061 ubi
1811 3999 2007 4058 hostes
2030 3994 2174 4076 fuga
2196 3991 2502 4054 evanuisse
2529 4008 2673 4068 cog·

526 4156 601 4207 su
616 4154 795 4222 rom,
810 4160 1130 4212 same-sl
1156 4158 1323 4226 Lege,
1339 4161 1714 4218 amn—es
1731 4161 1911 4228 rom,
1928 4158 2152 4215 :tm-st
2173 4155 2336 4222 uss,
2353 4155 2675 4221 mv*

466 4240 596 4289 -ss
620 4237 781 4306 noge,
799 4239 1001 4292 nucu·
1018 4240 1388 4296 amma
1409 4245 1619 4298 cenom
