3017 4925
944 363 1044 417 oa
1084 364 1267 417 vm
1310 364 1518 418 sunu
1573 364 1931 419 cassam.
2361 348 2540 422 m

336 510 707 594 quamobrem
734 507 1011 571 resistere
1035 508 1203 570 vobis
1230 528 1349 569 non
1375 516 1466 570 est
1490 510 1675 570 nostri
1701 508 2021 589 propositi:
2061 510 2168 572 sed
2194 510 2254 573 in
2274 516 2537 592 potestn-

332 618 442 671 tem
468 617 724 671 vestram
745 628 863 667 nos
890 617 950 668 et
974 615 1183 670 nostra
1200 607 1653 670 committimus:
1699 627 1877 668 uuum
1903 610 2029 669 hoc
2057 610 2455 691 exposcimus,
2484 608 2535 672 si

318 711 489 768 'tauta
535 715 630 766 est
657 707 975 767 clementia
1004 718 1105 768 tua
1150 706 1369 778 caesar,
1400 713 1621 784 quauta
1667 705 1826 766 fama
1867 706 2144 787 loquitur,
2195 707 2244 768 si
2280 710 2530 772 salutem

324 804 491 865 nobis
515 805 746 878 tribuis,
776 813 845 864 ut
887 824 1048 866 arma
1092 824 1211 864 non
1257 802 1513 865 auferas:
1557 802 1734 863 vicini
1761 804 1916 864 enim
1955 806 2136 866 nostri
2175 825 2377 867 omnes
2404 805 2527 866 fere

326 920 431 961 nos
458 901 737 974 oderunt,
767 902 1059 982 uobisque
1087 903 1369 974 invident,
1388 917 1435 961 ‘a
1459 900 1680 979 quibus
1715 921 1828 963 uos
1851 902 2089 964 amissis
2128 902 2304 978 armis
2331 911 2528 981 prote·

324 1018 453 1079 gere
479 1019 883 1080 nequeamus:
919 1001 1184 1080 alioquin
1210 1000 1532 1080 optabilius
1559 1007 1669 1072 est,
1711 999 2000 1080 quidquid
2031 999 2265 1062 libuerit
2291 1019 2326 1059 a
2355 999 2522 1061 vobis

321 1096 537 1157 talibus
566 1097 704 1158 viris
732 1099 879 1177 pati,
909 1118 1089 1178 quam
1116 1097 1425 1177 suppliciis
1451 1096 1527 1156 ad
1554 1115 1757 1158 necem
1784 1096 1925 1158 dedi
1950 1098 2029 1158 ab
2056 1097 2147 1169 iis,
2179 1097 2394 1176 quibus
2419 1096 2532 1157 im·

316 1211 521 1272 per-are
569 1197 1018 1258 consuevimus!
1098 1194 1195 1255 Ad
1246 1194 1377 1254 hoec
1411 1195 1645 1254 Caesar:
1689 1201 1707 1228 ‘
1727 1194 2097 1265 Servassem,'
2123 1194 2337 1272 inquit,
2379 1199 2400 1228 ‘
2422 1213 2529 1255 vos

317 1290 599 1352 libentius
628 1293 678 1353 si
707 1312 812 1353 vos
838 1292 1140 1354 dedissetis
1188 1301 1502 1371 antequam
1550 1290 1733 1351 muris
1776 1291 2075 1353 machinas
2115 1290 2519 1352 admoverem:

318 1386 425 1448 sed
450 1396 514 1447 et
539 1407 701 1448 nuuc
728 1389 975 1449 servabo
1004 1387 1308 1467 magisque
1334 1387 1391 1447 in
1420 1386 1590 1447 vobis
1629 1396 1912 1462 naturam,
1935 1407 2277 1468 moremque
2305 1408 2521 1460 meum,

318 1504 500 1565 quam
531 1485 803 1547 meritum
832 1495 1087 1546 vestrum
1114 1504 1349 1564 sequar.
1431 1484 1524 1545 Ita
1553 1492 1746 1546 tamen
1782 1492 1845 1545 ut
1874 1486 1996 1545 sine
2023 1504 2315 1545 armorum
2341 1483 2525 1546 tradi-

317 1582 475 1644 tione
504 1583 736 1661 deditio
762 1604 875 1658 nou
904 1583 1212 1663 procedat.
1292 1582 1450 1642 Nam
1488 1580 1649 1661 quod
1694 1581 1767 1643 de
1794 1581 1935 1644 odio
1962 1582 2292 1644 vicinorum
2320 1582 2521 1643 dicitis

317 1681 649 1741 curandum
699 1680 839 1741 mihi
893 1681 1170 1761 linquite:
1210 1701 1322 1759 ego
1373 1678 1745 1740 indemnitati
1796 1689 2004 1741 vestrae
2056 1680 2404 1760 providebo,
2453 1689 2522 1740 ut

312 1776 661 1838 Nerviorum
690 1777 933 1857 providi,
971 1775 1245 1855 jubendo
1287 1774 1548 1836 finitimis
1589 1795 1664 1835 ne
1703 1795 1811 1837 vos
1838 1775 2074 1839 laedaut.
2157 1778 2336 1840 Jussu
2365 1798 2517 1850 meo,

316 1892 494 1953 quam
544 1874 752 1936 vestris
800 1875 972 1935 armis
997 1875 1156 1935 eritis
1184 1874 1468 1936 tutiores!
1556 1874 1689 1935 Hoc
1736 1883 2042 1956 praecepto
2091 1874 2178 1936 vis
2222 1894 2513 1936 armorum

316 1969 518 2052 ingens
545 1970 791 2033 tradita:
834 1973 935 2032 sed
960 1980 1046 2031 'et
1083 1991 1295 2052 magna
1341 1989 1476 2052 pars
1511 1979 1758 2046 retenta,
1786 1981 1967 2052 atque
1993 1971 2216 2045 abdita,
2249 1980 2312 2033 ut
2337 1973 2417 2034 ab
2444 1971 2514 2032 iis

316 2066 420 2146 qui
448 2076 612 2129 metu
642 2068 797 2140 belli,
845 2089 963 2130 uon
1003 2088 1198 2130 amore
1226 2071 1389 2149 pacis
1437 2072 1781 2162 agebantur,
1812 2067 2093 2130 traditum
2121 2088 2362 2149 quoque
2390 2067 2517 2149 opi-

313 2163 476 2225 dum.
561 2166 637 2226 Et
687 2166 917 2244 quietus
945 2165 1039 2227 ille
1065 2165 1189 2226 dies
1216 2166 1327 2227 fuit
1341 2190 1360 2240 ς
1406 2177 1581 2230 nocte
1609 2167 1873 2249 proxima
1901 2166 2103 2227 Caesar
2130 2167 2338 2228 milites
2367 2185 2507 2227 suos

312 2262 488 2323 muris
535 2262 737 2341 egredi
777 2262 1091 2342 claudique
1136 2273 1337 2343 portas
1373 2265 1653 2344 jusserat,
1698 2286 1771 2326 ue
1820 2264 1965 2345 quid
2006 2263 2236 2342 injuriae
2270 2264 2427 2326 cives
2475 2282 2511 2323 a

308 2360 592 2421 militibus
620 2367 984 2439 paterentur:
1026 2360 1159 2439 [53]
1208 2361 1310 2421 sed
1354 2362 1491 2423 huic
1523 2364 1811 2424 Caesareae
1837 2361 2042 2441 pietati
2071 2361 2323 2422 bostium
2351 2360 2508 2421 fraus

310 2455 343 2487 ’
367 2457 602 2519 obictus
626 2467 769 2520 erat.
854 2459 1062 2539 Itaque
1092 2458 1395 2521 barbarica
1422 2460 1713 2522 ”lenitate
1741 2469 1967 2521 mutato
2002 2468 2240 2540 repente
2264 2457 2509 2519 consilio

306 2554 694 2617 rebellarunt:
733 2576 922 2635 neque
951 2556 1162 2617 victori
1189 2557 1434 2636 opidum
1462 2557 1776 2618 abstulisse
1803 2556 2087 2629 conteuti,
2113 2564 2306 2615 castra
2332 2556 2508 2619 etiam

306 2651 588 2727 invasere,
617 2661 782 2713 tanto
810 2653 1051 2732 impetu,
1082 2661 1363 2733 tantoque
1404 2653 1637 2726 ardore,
1685 2673 1801 2714 uon
1847 2650 2027 2714 modo
2055 2661 2261 2713 contra
2288 2653 2508 2712 Roma-

306 2768 433 2809 nam
484 2751 782 2820 virtutem,
835 2751 937 2811 sed
985 2762 1189 2827 contra
1243 2751 1607 2833 iniquitatem
1652 2752 1830 2812 etiam
1878 2750 2164 2822 locorum,
2217 2757 2284 2810 ut
2333 2747 2505 2810 facile

304 2854 570 2925 apparet,
619 2845 990 2925 desperantes
1030 2848 1106 2908 de
1151 2848 1334 2908 salute
1361 2867 1643 2929 pugnare.
1727 2849 1817 2910 Eo
1845 2840 2157 2926 congressu
2183 2867 2255 2908 ex
2286 2845 2398 2907 illis
2426 2845 2501 2907 ad

304 2954 561 3022 quatuor
588 2943 745 3004 milia
774 2944 1071 3006 cecidere:
1116 2946 1341 3006 caeteris
1384 2947 1537 3007 iutra
1565 2945 1808 3025 opidum
1836 2944 2184 3024 compulsis:
2232 2944 2317 3003 sic
2345 2943 2504 3004 omni

300 3040 531 3119 penitus
562 3060 672 3119 spe
700 3040 934 3118 abjecta
980 3052 1048 3103 ut
1094 3042 1190 3103 die
1217 3043 1484 3123 proxima
1523 3043 1928 3123 frangentibus
1974 3051 2179 3121 portas
2220 3041 2503 3102 Romanis

299 3136 495 3197 nullus
554 3137 867 3199 obstiterit:
927 3148 1166 3220 captum
1221 3139 1485 3219 opidum,
1543 3137 1916 3219 ⁸⁶venditque
1966 3158 2191 3212 omnes,
2249 3158 2500 3217 quorum

297 3233 531 3294 turbam
561 3234 982 3315 quinquaginta
1023 3237 1197 3297 trium
1240 3237 1463 3298 milium
1496 3256 1803 3298 numerum
1830 3236 2100 3315 implesse
2127 3245 2495 3315 compertum

294 3329 427 3391 fuit.
512 3331 629 3390 Per
654 3331 887 3393 eosdem
920 3331 1044 3393 dies
1073 3354 1111 3394 a
1136 3334 1327 3413 legato
1369 3333 1619 3395 Caesaris
1647 3336 1715 3394 P.
1745 3334 1982 3403 Crasso,
2008 3351 2185 3412 quem
2213 3331 2393 3392 modo
2420 3330 2496 3391 ad

292 3427 573 3500 Venetos,
627 3427 886 3508 aliosque
935 3429 1308 3510 quamplures
1365 3431 1638 3511 populos,
1692 3430 1797 3509 qui
1847 3436 2170 3490 extremum
2215 3430 2497 3488 accolunt

294 3522 607 3584 Oceanum
656 3526 1040 3603 praemiserat,
1082 3527 1405 3601 nuntiatur,
1452 3546 1659 3587 omues
1701 3527 1832 3586 illas
1879 3534 2079 3604 gentes
2124 3533 2332 3605 sponte
2382 3524 2496 3586 sub

296 3618 625 3681 Romanum
654 3622 960 3701 imperium
992 3623 1235 3684 venisse.
1313 3625 1448 3686 Jam
1477 3622 1554 3683 ad
1583 3622 1893 3696 Barbaros,
1916 3621 2020 3702 qui
2038 3634 2193 3683 trans
2220 3623 2493 3684 Rhenum

292 3715 579 3789 habitant,
610 3718 893 3779 Romanae
921 3721 1329 3800 Caesareaeque
1371 3720 1601 3780 virtutis
1648 3728 1709 3779 et
1750 3720 2076 3780 clementia:
2104 3719 2262 3781 fama
2289 3740 2496 3801 perve-

292 3822 473 3884 nerat,
523 3812 735 3874 ⁸⁷adeo
760 3815 1193 3895 percrebuerat,
1241 3824 1309 3875 ut
1353 3835 1556 3877 omnes
1604 3817 1758 3877 ultro
1799 3816 1875 3877 ad
1925 3818 2221 3879 Caesarem
2268 3816 2491 3897 legatos

292 3907 622 3971 mitterent:
653 3911 758 3991 qui
786 3932 848 3974 se
874 3918 934 3972 et
961 3914 1205 3975 daturos
1232 3913 1470 3976 obsides
1490 3922 1553 3975 et
1569 3914 1743 3993 jussa
1767 3912 2026 3975 facturos
2055 3914 2493 3995 ⁸⁸spouderuut,

352 4154 417 4203 ss
446 4152 616 4220 lege,
656 4155 1001 4211 tamma-ss
1051 4160 1214 4229 Lege,
1258 4161 1669 4228 mame-st
1719 4153 1898 4228 Forte,
1935 4160 2288 4225 adamum-88
2333 4156 2492 4222 Lege,
