3017 4925
513 348 694 419 m
1223 366 1540 419 norum
1588 370 2019 425 uranum

513 508 1354 592 Scboepflinus-⁸Wusantum‚
1404 510 1567 590 quod
1594 512 1770 575 etiam
1796 515 1996 577 Bertio
2036 516 2297 596 primum
2315 520 2563 600 placuit,
2587 541 2721 604 pro·

516 608 718 670 batum
762 607 1133 679 cambdeno,
1176 606 1426 677 Ortelio,
1471 609 1779 671 Mussano.
1861 612 1975 672 Pro
2014 614 2316 690 Bononia,
2363 618 2487 680 sive
2520 619 2723 681 Bono*-

515 709 708 769 niensi
733 706 1096 768 Morinorum
1127 714 1302 785 portu
1332 705 1675 768 Gessort'aco
1699 719 1966 788 pugnant
1992 711 2147 772 Phil.
2174 713 2482 776 Cluverius
2514 732 2597 782 11.
2622 726 2722 783 28.

514 805 852 867 Germanias
898 804 1177 883 antiquas,
1242 802 1408 864 Guil.
1445 805 1788 877 Somnerus,
1846 818 2024 887 atque
2072 809 2420 872 Edmundus
2464 815 2724 888 Gibson,

514 902 723 964 Petrus
751 902 1004 974 Bel-tius,
1031 903 1328 981 ,Iosephus
1356 902 1636 981 Scaliger,
1668 904 1965 977 Petavius,
1995 906 2297 980 Labbeus,
2327 910 2465 970 Nic.
2496 913 2726 975 Sanson

510 1004 572 1065 in
620 1003 765 1064 diss.
819 1002 1056 1074 inedita,
1101 1001 1447 1082 Christoph.
1493 1003 1802 1076 cellarius,
1846 1003 1980 1065 Nic.
2032 1006 2401 1084 Bergierius:
2467 1029 2723 1087 quorum

512 1104 835 1174 sententia,
889 1101 1120 1173 Strabo,
1162 1100 1343 1173 Mela,
1390 1100 1615 1162 Plinius
1645 1118 1738 1162 1ν.
1787 1098 1882 1162 16.
1938 1103 2310 1177 Ptolemaeus,
2355 1106 2726 1173 uiuentium

509 1201 792 1265 Antonini
844 1210 906 1261 et
949 1197 1184 1259 Tabula
1240 1198 1684 1278 Pentingeriana
1731 1198 2004 1260 videntur
2051 1202 2376 1282 suffragani.
2443 1206 2623 1267 Adde
2664 1215 2726 1269 et

505 1300 813 1362 Graevium
865 1297 940 1358 ad
1000 1298 1246 1359 Sueton.
1291 1298 1466 1358 Joan.
1509 1298 1743 1379 Battely
1788 1298 1850 1358 in
1894 1300 2360 1382 Antiquitatibus
2404 1302 2723 1384 Rutupinis

501 1396 950 1477 (Richborougb
993 1402 1051 1455 iu
1093 1394 1376 1457 comitatu
1404 1395 1625 1469 Cantii)
1653 1396 1907 1457 Oxoniae
1951 1417 2008 1458 a.
2045 1406 2225 1466 1711.
2257 1409 2314 1461 8.
2354 1399 2552 1473 editis,
2585 1404 2726 1465 Ber-

504 1497 718 1558 nardus
735 1495 820 1556 de
861 1492 1255 1556 Moutfaucon
1291 1492 1367 1553 T.
1398 1507 1492 1552 IV.
1525 1492 1918 1574 supplement.
1963 1495 2350 1575 Antiquitatis
2386 1497 2721 1577 explanate

505 1616 566 1676 p.
601 1603 736 1673 132.
772 1602 906 1657 133.
934 1601 995 1652 et
1021 1590 1080 1651 in
1107 1589 1250 1651 diss.
1275 1590 1351 1650 de
1378 1590 1571 1650 Pharo
1597 1591 1993 1653 Alexandrina
2019 1593 2094 1653 T.
2127 1609 2227 1655 lx.
2248 1614 2495 1656 memor.
2522 1596 2718 1661 Acad.

503 1695 778 1773 inscript.
837 1711 974 1771 pag.
1017 1699 1159 1762 293.
1242 1689 1433 1750 Mich.
1482 1689 1538 1749 le
1577 1690 1770 1761 Quien
1815 1690 1873 1751 in
1914 1690 2389 1769 ephemeridibus
2429 1693 2719 1756 eruditor.

501 1794 690 1855 Paris.
718 1812 773 1853 a.
833 1799 1010 1859 1727.
1079 1789 1259 1850 ,lunio
1296 1808 1434 1867 pag.
1474 1796 1616 1852 232.
1668 1798 1808 1862 239.
1854 1789 2008 1849 idem
2051 1800 2262 1851 auctor
2302 1790 2445 1853 diss.
2482 1793 2719 1861 inserta

500 1891 697 1951 Tomo
724 1895 940 1949 octavo
968 1884 1292 1946 continuat.
1322 1885 1731 1946 memoriarum
1759 1886 1846 1947 lit.
1887 1897 1945 1947 et
1976 1887 2235 1949 historiae
2263 1888 2500 1951 Gallice
2530 1891 2718 1954 Paris.

503 1994 683 2057 1729.
719 1995 813 2047 12.
843 2002 983 2063 pag.
1012 1989 1153 2044 325.
1177 1998 1268 2061 sq:
1287 1981 1530 2043 Journal
1558 1981 1662 2042 des
1693 1984 1829 2044 Sav.
1861 1991 2035 2054 1731.
2063 2005 2126 2064 p.
2158 1985 2301 2048 236.
2373 1988 2716 2050 Hadrianus

499 2083 763 2144 Valesius
837 2081 1002 2141 malit
1059 2080 1474 2151 Quentavicum
1543 2079 1666 2139 sive
1723 2078 2008 2161 Scapulae
2026 2104 2050 2150 ,-
2130 2102 2309 2162 quam
2373 2084 2713 2163 opinionem

496 2180 720 2242 erudite
747 2178 1029 2240 tuendam
1057 2177 1315 2256 suscepit
1350 2177 1436 2238 vir
1475 2178 1907 2249 celeberrimus,
1933 2181 2033 2241 Jo.
2063 2181 2289 2260 Georg.
2319 2182 2627 2245 Eccardus
2655 2184 2715 2245 in

495 2278 639 2339 diss.
668 2276 885 2336 inserta
911 2274 1109 2334 Tomo
1135 2290 1297 2335 vul.
1340 2274 1594 2335 Miscell.
1619 2275 2010 2355 Lipsiensium
2052 2296 2116 2356 p.
2142 2276 2283 2341 268.
2315 2299 2407 2358 sq.
2440 2288 2587 2351 278.
2618 2301 2711 2362 sq.

498 2374 648 2435 Mihi
654 2374 785 2452 jam
806 2371 1287 2434 verisimillimum
1310 2372 1824 2452 videtui-accipere
1842 2372 1917 2433 de
1943 2374 2290 2436 Gessariaco
2312 2397 2332 2435 .·
2362 2396 2709 2457 quanquam

493 2472 690 2535 Caroli
743 2471 828 2532 du
882 2472 1098 2532 Fresne
1155 2470 1457 2532 sententiae
1504 2470 1737 2558 videtur
1796 2469 2100 2551 suffragari
2147 2473 2508 2535 ²Guilelmus
2577 2475 2710 2537 Pic-

491 2572 785 2634 taviensis.

572 2671 665 2731 De
706 2669 824 2730 situ
864 2668 1037 2739 muri,
1064 2686 1242 2747 quem
1287 2666 1468 2727 millia
1494 2684 1770 2745 passuum
1802 2683 1954 2728 x1x.
1985 2667 2044 2727 in
2085 2666 2453 2729 altitudinem
2482 2669 2705 2749 pedum

487 2784 637 2829 xvl.
681 2786 719 2827 a
782 2768 919 2827 lacu
950 2766 1207 2826 Lemano
1252 2763 1331 2824 ad
1383 2770 1637 2824 montem
1685 2765 1889 2825 Juram
1937 2763 2280 2843 perduxisse
2320 2785 2384 2826 se
2430 2765 2705 2830 adversus

483 2863 892 2927 Helvetiorum
921 2862 1298 2943 irruptionem
1335 2860 1515 2924 refert
1542 2863 1743 2922 Caesar
1770 2861 1847 2922 de
1893 2861 2049 2923 bello
2078 2862 2239 2924 Gall.
2275 2880 2323 2925 1.
2342 2873 2401 2925 8.
2454 2864 2705 2930 vidend·

483 2959 816 3021 dissertatio
856 2960 1092 3040 ³prima,
1142 2978 1279 3039 quae
1325 2958 1640 3038 subjuncta
1686 2969 1778 3019 est
1820 2958 2062 3020 editioni
2106 2979 2273 3019 novas
2325 2960 2704 3040 locupletiori

484 3057 763 3118 Historiae
818 3057 1183 3118 Genevensis
1228 3055 1464 3118 Gallica
1514 3054 1719 3134 lingua
1768 3055 2115 3138 compositas
2153 3075 2192 3118 a
2236 3059 2535 3136 praeclaro
2561 3058 2701 3124 Vim

480 3154 711 3216 Jacobo
740 3156 989 3236 Sponio.

1008 3334 1214 3434 'Liber
1242 3348 1401 3395 vm.
1431 3329 1506 3394 ὰῠ
1534 3332 1614 3393 Α.
1650 3333 1866 3393 Hirtio
1893 3331 2160 3396 additus.

559 3448 748 3511 Liber
771 3463 933 3511 vlu.
982 3445 1055 3510 de
1082 3447 1234 3508 bello
1263 3445 1496 3509 Gallico
1523 3445 1601 3506 ad
1646 3445 1979 3507 Cornelium
2009 3446 2262 3508 Balbum
2306 3447 2698 3522 Gaditanum,

541 3680 568 3725 1
615 3675 680 3727 In
701 3677 991 3730 illustribus
1014 3692 1080 3728 ex
1116 3678 1423 3732 Britannica
1441 3680 1542 3729 bis·
1623 3673 1722 3726 loef
1734 3674 1800 3725 de
1821 3675 2065 3740 Trajectu
2100 3674 2323 3726 Caesaris
2355 3674 2409 3723 in
2432 3673 2696 3726 Britanni-

472 3751 638 3803 torica
656 3755 1018 3806 controversiis
1043 3770 1090 3806 c.
1115 3761 1163 3808 1.
1183 3756 1540 3822 Argentorat.
1621 3767 1720 3812 am,
1745 3753 1927 3816 Upsal.
1970 3755 2116 3803 1697.
2148 3755 2201 3801 8.
2239 3751 2694 3803 continuationem

473 3833 620 3881 1781.
643 3834 694 3882 4.
1620 3831 1911 3881 memor-iar.
1927 3830 2217 3880 lituratum
2232 3828 2479 3879 ethistor.
2491 3829 2694 3880 Gallice

529 3910 564 3960 2
586 3905 722 3957 Vide
743 3906 884 3959 Guil.
903 3909 1138 3960 Somnen
1153 3912 1539 3977 responsionem
1622 3908 1815 3958 editam
1849 3908 2055 3959 T.v111.
2079 3922 2131 3972 p.
2153 3909 2365 3971 342.qu
2394 3906 2695 3958 Νησαίη

466 3982 536 4035 ad
578 3982 870 4036 Cbifietium
911 3983 976 4036 de
1021 3994 1178 4052 portu
1220 3989 1364 4040 Iccio
1395 3990 1538 4056 (quae
1621 3984 1829 4035 videtur
1844 3984 2017 4050 potius
2033 3999 2147 4035 esse
2163 3981 2689 4035 memoratuscaesari

464 4075 586 4112 cum
620 4059 794 4113 Caroli
835 4063 903 4114 du
945 4065 1141 4116 Fresne
1181 4073 1338 4133 atque
1383 4068 1539 4120 Edm.
1612 4062 2017 4126 Ρθήῐθῢφσήον
2048 4062 2158 4112 sive
2188 4062 2405 4112 euersor.
2464 4059 2547 4113 Id
2567 4075 2687 4126 9⁸3

463 4137 687 4192 Gibsoni
722 4141 847 4192 diss.
871 4141 1064 4207 prodiit
1096 4143 1539 4213 Oxon.1694.8.)
1618 4141 1735 4188 ⁸61·
1759 4153 1838 4203 sq·

459 4229 578 4282 με.
595 4222 677 4269 87.
699 4219 996 4285 christoph.
1025 4220 1302 4273 Cellarium
1335 4224 1534 4290 Geogr.
1682 4220 1713 4266 3
1753 4216 1972 4269 Journal
2007 4215 2099 4268 de·
2137 4215 2333 4267 Sflvtm
2354 4217 2509 4267 1⁷⁸1·
2552 4213 2681 4265 Μ·

460 4291 772 4362 ntiqui-T.
792 4311 834 4350 1.
851 4313 902 4366 p.
923 4301 1040 4351 878.
1049 4314 1128 4366 sq.
1171 4300 1322 4354 Petri
1339 4303 1534 4369 Lager-
1614 4307 1668 4360 1)·
1689 4295 1806 4349 504·
