3017 4925
536 367 711 436 1788
1183 385 1246 434 s.
1292 383 1505 433 canet
1553 380 2093 433 conumxnn

531 536 801 616 proximo
829 557 968 599 cnm
997 558 1162 599 muro
1179 537 1396 618 ‘oppidi
1432 547 1619 599 turres
1662 548 1724 599 et
1765 538 2070 598 machinas
2094 535 2474 609 admovisset,
2506 536 2749 617 uda-pente

529 643 725 699 tantus
751 635 940 705 imber
979 635 1194 694 nimbis
1230 632 1481 704 affinxit,
1512 647 1579 696 ut
1607 635 1879 714 perfacile
1904 645 2064 695 esset
2088 634 2267 695 alium
2298 633 2641 698 territurus:
2682 644 2747 695 at

528 730 655 809 ipse
682 731 785 809 qui
816 751 974 809 saepe
1000 731 1170 792 soedis
1191 732 1642 810 tempestatibus
1670 733 1747 793 ad
1793 733 2161 792 victoriarum
2191 734 2276 793 uti
2316 732 2530 792 soleret
2569 752 2748 793 occa-

532 827 790 898 sionem:
838 829 951 889 sibi
977 829 1118 890 iuud
1152 830 1260 889 iter
1284 830 1360 889 ad
1390 829 1450 889 id
1497 831 1655 909 quod
1687 830 2035 891 intendebat
2061 830 2408 909 apparuisse
2434 831 2745 903 extimans,

528 923 692 1004 quod
719 933 782 984 et
820 944 954 984 suos
995 926 1072 986 ad
1097 946 1267 1004 -opus
1295 927 1473 986 solito
1498 927 1780 1007 pigriores
1808 936 2071 987 cerneret
2088 950 2110 998 3<
2148 937 2211 987 et
2247 929 2443 987 hostes
2466 925 2546 987 ad
2588 938 2747 987 tute-

533 1021 651 1082 lam
680 1021 843 1099 opidi
871 1022 1059 1083 lentos
1084 1032 1145 1083 et
1172 1023 1440 1083 incautos
1480 1044 1555 1082 ex
1606 1023 1921 1083 rarioribus
1958 1043 2064 1102 per
2087 1040 2286 1083 muros
2311 1023 2598 1083 custodiis
2624 1026 2745 1084 ani·

528 1117 949 1180 madverteret:
995 1119 1259 1180 hortatus
1303 1120 1537 1191 milites,
1586 1130 1655 1180 ut
1706 1122 1968 1182 fructum
2027 1124 2259 1182 tandem
2319 1121 2478 1200 longi
2526 1121 2749 1182 laboris

532 1211 923 1294 ⁶arriperent:
954 1225 1015 1274 et
1043 1216 1242 1294 primis
1269 1217 1329 1276 in
1358 1217 1577 1276 ⁷muris
1618 1217 1941 1277 ascensuris
1972 1218 2215 1297 pramis
2262 1228 2543 1277 consueta
2574 1218 2748 1297 polb‘-

528 1314 697 1386 citus,
738 1315 883 1374 tuba
923 1316 1109 1393 proelii
1165 1314 1392 1394 signum
1451 1314 1677 1376 dedit·
1743 1316 2045 1395 Ira-igitur
2066 1326 2130 1376 et
2155 1337 2261 1395 spe
2290 1317 2513 1395 praemii
2542 1317 2753 1376 stimu-

526 1412 703 1484 laute,
733 1422 794 1473 et
822 1432 1179 1492 unoquoque
1222 1413 1490 1475 certatim
1522 1413 1822 1474 adnitente
1852 1414 2108 1492 primum
2128 1413 2375 1494 gradum
2406 1413 2595 1474 laudis
2639 1432 2746 1492 ap-

529 1510 910 1589 prehendere.
977 1510 1133 1571 Muri
1158 1511 1421 1590 undique
1452 1511 1531 1571 ad
1563 1511 1830 1572 ²'fastidia
1854 1531 1971 1571 non
2000 1522 2119 1571 tam
2149 1509 2537 1572 ascenderunt
2564 1530 2747 1590 quum

524 1608 930 1669 evolaverunt.
1014 1608 1349 1687 Stupefacti
1371 1610 1530 1669 cives
1559 1610 1655 1669 ⁹in
1677 1629 1845 1689 spera
1869 1608 2127 1671 bostium
2144 1628 2399 1681 corona3
2443 1628 2571 1668 sese
2598 1610 2747 1670 locis

531 1705 958 1783 patentioribus
990 1704 1224 1764 liberius
1265 1703 1582 1777 defensuri,
1626 1727 1697 1766 ne
1745 1707 1967 1766 viarum
2005 1712 2401 1784 premerentur
2445 1706 2750 1783 angustiis,

526 1801 584 1865 in
629 1802 1355 1881 plateam-confugerunt:
1400 1814 1721 1883 postquam
1764 1822 1905 1863 vero
1943 1802 2499 1873 animadverterunt,
2530 1802 2749 1864 taud-

530 1919 828 1978 quaquam
860 1902 1156 1961 Romanos
1188 1901 1247 1960 in
1277 1901 1454 1980 plana
1494 1900 1899 1971 descendere:
1939 1900 2040 1960 sed
2074 1919 2192 1960 uno
2216 1899 2395 1959 alium
2434 1900 2751 1961 attollente

529 1999 713 2077 magis
747 2017 819 2059 ac
863 2000 1049 2077 magis
1095 1999 1306 2059 moenia
1327 1998 1643 2077 complere,
1687 2007 2008 2058 metuentes
2038 1996 2303 2075 undique
2323 1997 2753 2068 circumcludi:

529 2094 851 2174 fugamque
876 2095 1061 2173 eripi;
1114 2093 1344 2173 trepide
1377 2095 1552 2155 ermis
1578 2095 1835 2172 abjectis
1854 2104 2116 2155 extrema
2152 2093 2318 2173 opidi
2338 2114 2515 2153 cursu
2538 2095 2751 2174 rapido

530 2191 776 2270 petiere:
822 2191 902 2251 ibi
948 2210 1081 2269 pars
1127 2201 1428 2269 portarum
1461 2191 1519 2252 in
1560 2191 1721 2251 exitu
1749 2211 1813 2251 se
1838 2201 2132 2263 coartans,
2162 2209 2299 2270 pars
2326 2189 2544 2251 flumen
2565 2202 2756 2253 trans·

527 2298 721 2361 vecta,
748 2289 825 2350 ab
851 2289 1152 2368 equitibus
1193 2288 1267 2348 ad
1323 2289 1452 2353 baec
1500 2288 1692 2349 missis
1740 2288 1879 2350 coesi
1920 2308 2146 2349 omnes.
2230 2288 2475 2349 Nullum
2526 2290 2753 2367 prnd-

532 2384 789 2446 studium
831 2387 1261 2452 sed·vindictae
1297 2387 1437 2448 fuit:
1467 2386 1642 2469 [134]
1671 2388 1945 2448 omnibus
1992 2398 2130 2447 ante
2175 2386 2382 2446 oculos
2420 2406 2582 2446 mors
2620 2396 2753 2448 em

531 2493 920 2546 mercatorum
954 2487 1353 2546 Romanorum
1395 2486 1497 2565 qui
1538 2485 1616 2546 ad
1657 2486 1996 2557 Genabum,
2036 2485 2309 2546 immeriti
2355 2484 2440 2545 ini
2482 2485 2751 2564 quidem,

530 2581 654 2643 sola
680 2582 986 2643 Gallorum
1030 2584 1371 2644 crudelitate
1416 2584 1746 2662 perierant:
1790 2583 1923 2662 ejus
1967 2583 2145 2643 cedis
2184 2581 2521 2646 recordatio
2568 2603 2749 2663 snpra

533 2680 932 2744 Romanorum
986 2699 1209 2742 morem
1267 2680 1589 2740 acerbabat
1652 2680 1901 2751 animos,
1958 2689 2026 2739 ut
2066 2697 2175 2739 nec
2222 2678 2385 2738 aetati
2427 2698 2539 2740 nec
2588 2680 2756 2740 sexui

529 2786 898 2856 parceretur.
983 2777 1074 2837 Ex
1103 2777 1377 2838 omnibus
1406 2776 1601 2854 itaque
1629 2776 1732 2854 qui
1762 2774 1822 2835 in
1851 2773 2035 2853 opido
2066 2784 2205 2835 sunt
2228 2774 2469 2848 inventi,
2496 2795 2751 2855 quorum

531 2874 924 2935 numerus-ad
974 2872 1361 2953 quadraginta
1409 2874 1570 2934 milia
1619 2872 1883 2951 capitum
1932 2871 2234 2943 ascendit;
2280 2873 2375 2932 vix
2423 2874 2756 2954 octingenti

535 2970 637 3050 qui
673 2969 751 3031 ad
793 2971 1046 3050 primum
1089 2972 1250 3050 capti
1292 2969 1456 3048 opidi
1486 2970 1802 3032 clamorem
1837 2990 1960 3031 sese
2000 2970 2189 3048 portis
2216 2971 2517 3050 murisque
2546 2971 2762 3050 Ὀρτυ-

532 3068 852 3146 ripuerant,
882 3086 1153 3128 evaserez
1196 3076 1259 3127 et
1305 3067 1540 3127 Avarici
1591 3065 1830 3146 quidem
1873 3068 2052 3146 longa
2097 3086 2170 3127 ac
2228 3065 2479 3129 difficilis
2520 3068 2757 3129 obsidio

536 3165 695 3225 hunc
724 3163 936 3224 babuit
963 3163 1165 3225 finem.
1247 3163 1691 3242 Vercingetorix
1721 3182 1859 3223 vero
1887 3164 2275 3224 Avaricenses
2318 3164 2592 3243 reliquias
2620 3185 2762 3226 noe·-

532 3270 701 3323 turna
730 3261 870 3342 fuga
906 3261 966 3320 in
997 3280 1103 3322 sna
1131 3270 1320 3321 castra
1364 3259 1591 3321 delatas
1638 3260 1955 3320 clementer
1992 3259 2252 3337 excepit,
2299 3278 2373 3319 ac
2417 3260 2641 3321 veritus
2685 3282 2758 3322 ne

534 3379 655 3440 qua
680 3380 753 3420 ex
780 3379 983 3419 eorum
1027 3358 1414 3438 permixtione
1452 3356 1853 3417 tumultuandi
1881 3356 2121 3417 occasio
2152 3358 2531 3434 proeberetur,
2566 3377 2764 3438 segre-

534 3458 761 3537 gandos
799 3457 1059 3528 curavit:
1105 3466 1172 3517 ut
1208 3476 1346 3518 cum
1396 3467 1593 3516 castra
1633 3464 1827 3515 essent
1850 3453 2177 3515 secundum
2219 3473 2525 3514 numerum
2569 3454 2765 3517 distri·

543 3558 708 3629 buta,
736 3555 815 3617 ad
866 3577 1004 3617 snos
1048 3556 1302 3636 quisque
1344 3554 1679 3616 duceretur.
1766 3554 1900 3633 lpse
1953 3572 2094 3613 vero
2133 3571 2325 3629 neque
2373 3552 2487 3612 hoe
2533 3552 2763 3615 fractus

534 3657 582 3687 ¹¹
600 3665 667 3714 ut
692 3653 964 3731 dejectus
991 3663 1224 3723 eventu,
1254 3652 1334 3713 ita
1361 3653 1704 3712 consolatus
1730 3661 1823 3711 est
1850 3670 2007 3722 suos,
2050 3659 2116 3709 ut
2141 3648 2390 3719 diceret,
2412 3656 2430 3681 ⁴
2461 3650 2603 3709 Non
2647 3650 2762 3710 vir·

533 3757 660 3809 tute
684 3747 788 3809 sed
816 3758 944 3807 arte
973 3748 1228 3827 quadam
1259 3768 1453 3808 muros
1482 3745 1895 3828 oppugnandi,
1926 3747 2231 3807 victoriam
2276 3746 2429 3805 banc
2476 3745 2757 3806 Romanis

536 3845 847 3925 obtigisse:
877 3846 1030 3918 ¹²†in
1066 3848 1114 3882 ¹³
1128 3845 1415 3907 anteriora
1457 3845 1787 3904 contendit:
1839 3863 2016 3922 quem
2062 3862 2182 3904 non
2224 3843 2461 3921 segnius
2501 3862 2605 3901 sua
2656 3862 2760 3920 per

535 3941 778 4022 vestigia
802 3944 1005 4003 Coesar
1033 3943 1378 4022 insequitur,
1419 3940 1757 4020 quintoque.
1788 3940 1886 4000 die
1937 3941 1994 4000 in
2040 3939 2401 4019 Gergouiam
2454 3940 2756 4020 pervenit:

595 4109 630 4158 6
653 4106 812 4170 Lege,
829 4105 1207 4169 acciperent-7
1235 4105 1396 4168 Lege,
1419 4110 1720 4155 murum—8
1743 4106 1905 4170 Lege,
1916 4103 2248 4165 fastigia—9
2283 4102 2460 4164 Forte,
2498 4102 2755 4165 insperata.

531 4191 664 4238 -10
698 4188 858 4252 Lege,
891 4187 1369 4252 μηνίμασι-11
1394 4187 1558 4251 Lege,
1590 4191 1863 4238 ncc.—l2t
1888 4185 2103 4236 Stultum
2123 4188 2359 4248 esse‚&c.
2376 4191 2567 4248 repete
2603 4197 2760 4256 supra

534 4284 589 4335 p.
617 4272 761 4320 1⁷8³.
783 4267 873 4318 nbi
895 4275 980 4318 est
1000 4267 1203 4332 signum
1218 4269 1391 4319 †.—l³
1415 4269 1578 4334 Lege,
1595 4269 1844 4335 ulteriora,
1866 4269 1949 4319 vel
1974 4268 2218 4317 interiora.
2282 4315 2297 4324 ,
