3017 4925
485 410 662 478 2158
1167 422 1575 491 amaneus·
1610 423 2042 473 Bm‘t’toNUM

573 579 995 641 Conmentarii
1029 595 1179 638 xtV.
1242 578 1476 657 Nempe
1498 578 1572 638 C.
1600 577 1636 636 J
1643 621 1657 635 .
1687 575 1844 636 Caes.
1874 575 1951 635 de
1986 573 2144 634 bello
2172 573 2339 633 Gall.
2369 572 2705 633 Cononem.

511 722 520 731 .
575 694 706 738 vn.
749 680 824 737 A.
858 676 1031 736 Hirtii
1060 676 1135 735 de
1163 674 1369 734 eodem
1401 675 1550 734 liber
1583 689 1632 733 1.
1698 673 1770 732 C.
1801 674 1859 732 J.
1890 673 2047 731 Caes.
2076 671 2152 731 de
2182 670 2340 729 bello
2368 670 2502 729 Civ.
2532 670 2710 729 Pom·

573 776 788 854 peiauo
830 775 1061 834 Comm.
1094 788 1204 831 111.
1282 777 1357 831 Α.
1404 771 1581 830 Hirtii
1610 770 1686 829 de
1732 768 1888 827 bello
1931 768 2102 828 Alex.
2144 768 2307 827 liber·
2341 783 2388 826 1.
2441 766 2521 828 de
2552 767 2710 826 bello

578 872 706 932 Afr.
736 872 883 931 liber
914 888 960 930 1.
993 872 1067 929 de
1099 870 1252 930 bello
1275 870 1450 947 Hisp.
1490 868 1636 929 liber
1655 884 1703 926 1.
1745 866 1966 927 Omnia
1986 865 2214 925 collatis
2240 863 2499 943 antiquis
2518 864 2710 924 mantis

575 969 1027 1047 exemplaribus,
1059 987 1194 1046 quae
1221 969 1445 1045 passim
1474 967 1535 1024 in
1567 965 1754 1036 Italia,
1784 964 1982 1024 Gallia
2010 972 2073 1024 et
2100 962 2419 1024 Germania
2448 962 2707 1022 invenire

480 1107 520 1137 s·
574 1067 899 1146 potuimus,
930 1066 1129 1137 docte,
1158 1071 1435 1124 accurate
1462 1072 1526 1122 et
1550 1061 1858 1121 emendate
1880 1060 2146 1121 restituta
2171 1082 2187 1130 ς
2233 1067 2417 1137 prout
2441 1058 2708 1138 proxima

575 1165 784 1244 pagina
837 1162 1147 1223 iudicatur.
1234 1162 1501 1241 Eutropii
1561 1161 1835 1239 Epitome
1884 1160 2026 1220 belli
2073 1159 2285 1221 Gallici
2327 1179 2402 1218 ex
2448 1158 2710 1220 Suetonii

574 1260 911 1340 Tranquilli
954 1261 1363 1329 monumentis,
1395 1279 1532 1339 quae
1560 1260 1989 1319 desiderantur.
2060 1259 2213 1318 Cum
2244 1256 2497 1318 doctiss.
2529 1274 2712 1318 anno-

505 1402 516 1413 .
573 1359 896 1420 rationibus
948 1360 1028 1418 H.
1068 1359 1369 1428 Glareani,
1426 1359 1493 1417 F.
1526 1358 1911 1428 Hotomanni,
1969 1357 2135 1416 Fulv.
2186 1356 2386 1416 Ursini
2435 1355 2709 1425 Romani,

503 1498 514 1510 .
574 1456 712 1517 Aldi
740 1456 1093 1528 Manutii,P.
1119 1458 1182 1516 F.
1229 1459 1317 1515 Ex
1347 1475 1551 1516 museo
1577 1455 1789 1515 Jacobi
1816 1455 2067 1526 Stradae,
2089 1454 2416 1523 Mantuani,
2438 1453 2501 1513 S.
2522 1454 2597 1513 C.
2618 1454 2707 1512 M.

501 1600 512 1607 .
573 1554 886 1633 antiquarii
923 1564 988 1617 et
1013 1553 1157 1613 civis
1184 1554 1453 1614 Romani.
1501 1553 1861 1614 Francofurti
1881 1551 1958 1612 ad
1991 1553 2083 1611 Μ.
2114 1551 2277 1632 apud
2306 1552 2535 1628 Georg.
2567 1551 2712 1611 Cor-

570 1650 1032 1711 vinum.—Rara
1059 1660 1121 1711 et
1147 1660 1394 1711 venusta
1422 1650 1627 1711 editio.
1692 1650 1858 1710 Basis
1887 1649 2042 1710 illius
2091 1648 2208 1710 fuit
2253 1648 2348 1708 ed.
2382 1646 2582 1727 Lugd.
2612 1665 2707 1707 an.

503 1788 511 1799 ·
583 1756 757 1817 1574.
790 1749 948 1828 apud
973 1750 1042 1809 B.
1077 1749 1352 1808 vincent.

494 1874 575 1891 -—
617 1845 912 1924 Lugduni.
963 1854 1056 1907 12.
1099 1845 1260 1924 apud
1289 1848 1360 1907 B.
1389 1845 1781 1906 vincentium.
1839 1841 2175 1905 Extabatin
2206 1842 2353 1903 bibl.
2383 1841 2713 1903 Emtincki-

636 1961 769 2012 ana,
792 1951 940 2002 teste
965 1944 1160 2003 Catal.
1193 1943 1262 2002 P.
1296 1959 1406 2003 11¹.
1440 1963 1502 2021 p.
1532 1950 1674 2004 452.
1704 1962 1761 2002 n.
1794 1948 1935 2005 255.

502 2037 658 2106 1576
702 2038 1000 2118 Lugduni.
1050 2050 1144 2101 12.
1207 2041 1279 2100 C.
1326 2042 1447 2101 Jul.
1497 2042 1746 2102 Caesaris
1797 2060 1986 2102 remm
2026 2040 2104 2100 ab
2134 2060 2197 2100 se
2223 2047 2521 2118 gestarum
2549 2058 2711 2099 com-

572 2138 859 2197 mentarii.
922 2137 1019 2197 Jo.
1068 2138 1327 2198 Jocundi
1353 2138 1703 2198 Veronensis
1748 2156 1931 2219 opera
1970 2136 2044 2197 ad
2091 2146 2353 2198 veterum
2402 2145 2522 2197 tam
2569 2156 2709 2196 mss.

502 2280 513 2290 .
577 2253 757 2312 quam
803 2235 1216 2313 impressorum
1264 2236 1684 2315 exemplarium
1731 2234 1911 2297 fidem
1955 2234 2391 2301 accuratissime
2414 2233 2557 2294 olim
2587 2232 2711 2293 col·

501 2376 512 2393 .
576 2330 698 2390 lati.
782 2331 1132 2393 Nuncvero
1182 2335 1347 2394 fulv.
1389 2335 1591 2395 Ursini
1620 2334 1880 2404 scholiis,
1928 2343 1990 2394 et
2036 2332 2510 2393 doctissimorum
2562 2350 2707 2410 quo-

571 2427 821 2490 tundam
850 2430 1106 2491 virorum
1135 2430 1369 2511 aliquot
1406 2430 1881 2493 annotationibus
1920 2440 1987 2491 et
2032 2428 2510 2510 castigationibus
2553 2428 2711 2488 illus·

367 2549 378 2576 κ
501 2561 530 2582 ·.
573 2528 734 2588 trati.
819 2527 1115 2608 Lugduni,
1169 2528 1330 2609 apud
1381 2533 1603 2591 Annon.
1660 2530 1739 2590 de
1795 2528 2264 2610 Harsy.--Bibl.
2322 2525 2518 2588 Acad.
2568 2525 2709 2586 Hei·

574 2625 737 2685 delb.
1319 2683 1323 2692 ,
1435 2669 1440 2674 -

487 2753 574 2769 ·--
612 2723 888 2783 Venetiis.
934 2732 991 2784 8.
1022 2724 1181 2803 apud
1206 2724 1447 2784 Aldum.

500 2827 651 2887 1578
695 2820 1074 2899 Antwerpiae.
1124 2830 1218 2883 12.
1262 2843 1335 2882 ex
1364 2821 1521 2881 offic.
1552 2820 1810 2882 Plautio.
1839 2820 2007 2881 novis
2033 2818 2363 2881 emendatt.
2380 2818 2607 2880 illustr.

500 2922 655 2984 1579
693 2915 958 2976 Coloniae
988 2918 1238 2995 Agripp.
1286 2927 1342 2978 8.
1386 2936 1486 2997 ap.
1520 2919 1676 2978 Petr.
1708 2918 1909 2978 Hor-st.

497 3017 654 3071 1580
692 3011 989 3090 Lugduni.
1035 3021 1093 3073 8.
1136 3015 1294 3090 apud
1327 3020 1469 3075 Ant.
1500 3016 1866 3095 Gryphium.

499 3114 646 3169 1581
694 3109 987 3188 Lugduni.
1035 3120 1093 3170 8.
1130 3111 1292 3190 apud
1329 3114 1533 3173 Barth.
1562 3113 1955 3185 Vincentium,
2003 3132 2144 3175 cum
2170 3111 2410 3172 scholiis
2440 3112 2537 3172 Fr.
2580 3112 2699 3172 Ho-

503 3241 510 3246 -
572 3207 852 3278 tomanni,
885 3208 1052 3268 Fulv.
1079 3208 1297 3281 Ursini,
1332 3210 1468 3269 Aldi
1493 3211 1772 3271 Manutii.

499 3312 651 3366 1582
701 3305 996 3383 Lugduni.
1048 3315 1142 3367 12.
1172 3326 1270 3386 ap.
1302 3307 1541 3387 Gryph.

497 3408 651 3462 1583
691 3403 960 3462 Basileae.
1007 3412 1065 3464 8.
1110 3424 1246 3464 cum
1294 3406 1480 3465 Henr.
1508 3405 1789 3466 Glareani
1827 3402 2397 3466 annotationibus.—
2416 3405 2575 3464 Bibl.
2607 3404 2708 3466 Uf-

569 3497 850 3559 fenbach.
881 3501 960 3561 T.
995 3517 1087 3559 lv.
1123 3521 1180 3580 p.
1216 3508 1316 3562 55.
1343 3523 1405 3562 n.
1437 3509 1578 3564 258.
2552 3541 2561 3552 -

503 3601 657 3656 1584
701 3598 1091 3658 Francofurti.
1138 3607 1196 3660 8.
1238 3600 1309 3659 C.
1358 3598 1499 3659 Julii
1541 3598 1790 3658 Caesaris
1830 3597 1906 3657 de
1937 3597 2095 3657 bello
2136 3598 2377 3659 Gallico
2412 3598 2551 3659 libri
2580 3614 2706 3660 vn.

570 3696 684 3751 dcc.
720 3694 1006 3771 Ejusdem
1035 3696 1339 3768 librorum,
1371 3698 1476 3776 qui
1505 3696 1928 3766 desiderantur,
1950 3694 2296 3772 fragmenta.
2366 3697 2505 3756 Auli
2535 3695 2710 3756 Hirtii

573 3787 653 3852 de
684 3788 818 3848 bell.
851 3791 1165 3853 Alexandr.
1209 3793 1396 3853 Afric.
1429 3795 1678 3873 Hispan.
1703 3794 1940 3878 Galliae,
1970 3793 2296 3871 Hispaniae,
2326 3795 2710 3874 locorumque

572 3885 880 3964 insignium
913 3890 1165 3966 pictura.
1248 3891 1507 3950 Nomina
1534 3903 1659 3950 tum
1689 3902 1904 3960 vetera,
1932 3900 2059 3949 tum
2088 3891 2344 3950 recentia
2372 3891 2708 3969 explanata.

431 4043 436 4050 ,
499 4035 508 4044 .
575 3983 755 4074 Nunc
806 3986 1057 4063 primum
1088 3989 1387 4064 exquisitis
1437 3990 1493 4048 in
1548 3990 1800 4067 margine
1848 3975 2201 4047 lectionibus
2244 3987 2539 4059 illustrati,
2586 3999 2709 4049 turn

572 4100 709 4140 vero
737 4080 1089 4142 doctissimis
1119 4085 1601 4144 aimotationibus
1630 4097 1691 4145 et
1737 4085 1963 4162 aliquot
2011 4085 2397 4144 exactissimis
2438 4085 2714 4144 emenda-

574 4177 838 4237 tionibus
865 4177 1233 4258 locupletati.
1293 4182 1487 4240 Editio
1525 4184 1693 4242 tertia
1719 4199 1860 4241 cum
1900 4181 2096 4241 Iudice
2124 4181 2394 4260 copioso.
2459 4183 2712 4244 Franco-

498 4317 534 4334 ..
576 4273 738 4348 furti,
766 4276 923 4356 apud
952 4277 1050 4340 Jo.
1071 4279 1621 4342 Wechel.—-Fluxit
1647 4300 1723 4341 ex
1749 4278 1848 4339 od.
1869 4279 1937 4340 P.
1960 4277 2233 4349 Manutii,
2261 4277 2438 4358 cujus
2463 4296 2703 4359 quoque
