3017 4925
75 3695 134 4300 l

20 3602 68 4144 vfi'ssnnjss·

943 487 1042 536 on
1107 486 1280 535 viu
1326 488 1531 537 sunu
1578 488 1933 537 (insanis.
2371 472 2544 541 1819

332 632 577 693 vinciam
605 628 888 712 adeptus,
919 652 1061 692 mox
1089 653 1227 693 cum
1273 633 1343 693 L.
1375 633 1671 693 Domitius
1713 633 2032 694 consularis
2059 633 2412 695 candidatus
2441 632 2547 694 mi-

335 742 588 803 naretur,
622 731 672 789 si
717 730 794 791 ad
844 731 1218 791 consulatum
1252 729 1598 808 perveniret,
1627 739 1686 790 et
1715 731 2124 811 inquisiturum
2152 742 2358 791 contra
2383 750 2543 802 eum,

334 838 386 887 et
433 828 552 887 sibi
593 829 894 888 exercitus
938 829 1374 907 adempturum:
1420 829 1603 907 ipsius
1645 848 1887 907 quoque
1935 829 2220 909 Pompeji,
2268 829 2442 889 simul
2485 838 2548 889 et

333 926 523 985 Marci
552 926 756 986 Crassi
797 945 1001 1004 opera,
1031 936 1091 985 et
1118 925 1508 986 adversarium
1538 945 1575 985 a
1605 927 1913 986 consulatu
1943 926 2177 1004 repulit,
2206 939 2266 987 et
2292 925 2549 986 obtinuit

336 1024 440 1082 sibi
489 1023 814 1102 imperium
868 1024 928 1081 in
980 1022 1446 1101 quinquennium
1503 1023 1834 1103 prorogari:
1900 1023 2115 1101 quibus
2170 1023 2427 1083 obtentis
2474 1040 2547 1083 eo

340 1119 576 1180 fldueiae
605 1131 698 1180 est
717 1132 979 1191 evectus,
1003 1128 1067 1178 ut
1084 1119 1212 1196 jam
1241 1119 1385 1178 nibil
1416 1119 1530 1177 sibi
1556 1118 1797 1178 credens
1828 1119 2187 1198 impossibile
2205 1130 2266 1179 et
2291 1120 2549 1198 legiones

340 1236 513 1277 novas
543 1218 905 1277 auctoritate
935 1237 1040 1276 sua
1069 1216 1368 1287 scriberet,
1418 1216 1590 1295 [173]
1636 1226 1699 1277 et
1746 1216 1883 1275 nibil
1917 1217 2093 1294 ‘quod
2120 1217 2176 1276 ei
2201 1219 2259 1276 in
2287 1216 2548 1277 animum

342 1314 613 1386 venisset,
643 1315 883 1393 aggredi
911 1324 1223 1374 vereretur.
1307 1315 1541 1383 Quibus
1570 1315 1745 1375 rebus
1771 1333 1883 1392 ego
1910 1315 2087 1393 culpa
2114 1314 2404 1375 Caesarem
2432 1334 2551 1375 non

340 1411 606 1483 absolvo,
637 1411 780 1471 fecit
809 1410 1068 1490 quidem,
1100 1430 1216 1470 non
1248 1409 1499 1483 inficior,
1531 1411 1748 1490 quibus
1777 1411 2018 1495 liberam
2049 1411 2226 1472 immo
2253 1411 2550 1471 dominam

343 1509 606 1587 gentium
647 1509 946 1567 civitatem
975 1509 1032 1566 iu
1060 1519 1358 1586 stuporem
1387 1510 1578 1587 primo
1605 1519 1742 1589 post
1770 1508 1826 1568 in
1865 1509 2006 1568 iram
2035 1518 2317 1569 verteret:
2361 1507 2551 1568 forum

345 1605 501 1683 ”per
530 1606 790 1665 maxime
837 1606 1097 1685 impense
1146 1606 1328 1685 coepit
1372 1616 1637 1667 extruere
1669 1629 1704 1668 e
1731 1606 2040 1677 niunubiis,
2069 1625 2205 1686 quae
2233 1625 2352 1665 non
2381 1603 2555 1664 ¹⁰0sui

345 1713 502 1763 erant
533 1702 643 1762 sed
678 1703 894 1781 populi,
928 1704 1203 1763 Romani:
1248 1703 1617 1783 disciplinam
1665 1705 1988 1775 militarem,
2035 1704 2273 1783 publice
2319 1702 2552 1763 solitam

350 1799 578 1872 doceri,
610 1801 687 1859 ad
717 1820 778 1859 se
809 1801 1060 1873 reduxit,
1107 1810 1172 1861 ut
1198 1802 1467 1880 privatim
1512 1823 1619 1862 suo
1650 1803 1961 1863 doceretur
1988 1802 2259 1862 arbitrio:
2302 1799 2465 1880 quod
2495 1809 2558 1860 et

349 1898 614 1958 fortassis
640 1899 755 1959 sibi
784 1918 891 1959 suo
925 1900 1060 1978 jure
1086 1899 1331 1972 licuerit,
1362 1910 1425 1960 ut
1454 1902 1556 1980 qui
1586 1909 1813 1980 partem
1840 1900 1899 1958 in
1926 1900 2053 1978 ejus
2080 1901 2165 1959 rei
2190 1898 2400 1978 peritia
2438 1916 2557 1956 non

351 1995 619 2065 baberet,
646 1995 760 2055 fuit
787 2007 981 2056 tamen
1009 2008 1218 2061 contra
1247 2016 1434 2057 mores
1460 2007 1641 2076 atque
1669 1997 1934 2057 instituta
1967 1997 2276 2075 majorum,
2306 2012 2558 2072 quorum

351 2111 583 2171 semper
630 2092 1127 2152 observantissimi
1162 2093 1392 2153 fuerant
1436 2093 1721 2153 Romani:
1765 2093 2095 2171 legionibus
2123 2093 2182 2152 in
2210 2111 2385 2152 omne
2411 2101 2558 2152 tem-

354 2207 461 2267 pus
510 2189 874 2269 stipendium
922 2189 1271 2270 duplicavit:
1322 2192 1500 2270 quod«
1534 2191 1778 2270 quidem
1826 2192 1936 2250 etsi
1977 2191 2258 2250 exercitui
2306 2187 2564 2267 gratissi-

358 2305 516 2346 mum
562 2285 763 2360 suerit,
792 2308 1046 2366 eumque
1088 2287 1367 2348 militibus
1398 2290 1796 2348 charissimum
1836 2287 2059 2359 fecerit,
2094 2289 2180 2347 sic
2226 2299 2292 2347 ut
2330 2287 2562 2348 charior

355 2404 524 2444 nemo
579 2404 838 2464 uuquam
892 2386 1073 2456 alius}
1137 2387 1709 2467 sumptuosissimum
1752 2398 1950 2446 tamen
2000 2385 2346 2465 reipublicae
2385 2384 2564 2443 fuisse

354 2502 471 2542 non
517 2477 865 2563 ambigitur:
909 2493 972 2544 et
1017 2486 1147 2544 haec
1195 2485 1434 2564 quidem
1478 2485 1628 2546 inter
1678 2504 1833 2545 suos.
1919 2484 2097 2562 Apud
2149 2492 2379 2544 exteros
2427 2500 2564 2540 vero

353 2600 518 2660 reges
547 2590 873 2659 gentesque
902 2589 1114 2659 praeter
1160 2581 1459 2642 licentiam
1489 2586 1736 2641 Senatus
1766 2600 1838 2640 ac
1868 2581 2075 2658 populi
2106 2580 2277 2638 miras
2303 2577 2568 2638 exercuit

355 2678 682 2748 libertates,
711 2697 828 2738 non
877 2688 945 2738 ut
985 2677 1108 2738 dux
1137 2681 1341 2758 populi
1390 2679 1658 2749 Romani,
1711 2677 1814 2737 sed
1869 2687 1933 2737 ut
1979 2676 2252 2736 dominus
2289 2684 2392 2735 aut
2430 2691 2564 2733 rex:

355 2796 555 2854 neque
585 2776 773 2834 solum
803 2776 861 2835 in
893 2777 1080 2850 ltalia,
1114 2778 1445 2855 Galliisque
1475 2787 1534 2835 et
1554 2769 1866 2854 Hispanis,
1910 2773 2014 2834 sed
2047 2773 2103 2832 in
2134 2773 2279 2833 Asia
2305 2772 2480 2831 etiam
2506 2779 2569 2830 et

347 2873 620 2943 Graecia,
669 2881 730 2932 et
774 2874 929 2932 dona
975 2873 1318 2954 'indigentia
1365 2886 1425 2935 et
1470 2871 1682 2932 auxilia
1724 2873 1811 2933 eis
1858 2872 2033 2942 misit,
2070 2881 2127 2930 et
2158 2889 2363 2930 eorum
2392 2867 2567 2928 urbes

356 2967 664 3046 praelatis
688 2968 964 3047 operibus
992 2968 1329 3030 adornavit:
1375 2973 1581 3049 ”quem
1629 2971 1821 3030 omnia
1869 2968 1979 3029 etsi
2023 2977 2226 3028 contra
2255 2975 2570 3026 consuetu-

355 3065 559 3125 dinem
583 3067 978 3126 Romanorum
1004 3067 1243 3138 ducum,
1273 3068 1557 3147 aliterque
1586 3087 1661 3126 ac
1686 3087 1815 3126 mos
1844 3065 2067 3145 patrius
2096 3066 2386 3142 exigebat,
2414 3062 2575 3122 facta

356 3183 475 3222 uon
505 3163 857 3242 negaverim,
908 3179 1111 3244 posset
1156 3176 1353 3225 tamen
1389 3175 1697 3224 excusator
1721 3164 1996 3224 inveniri:
2041 3164 2232 3223 solent
2275 3164 2426 3222 enim
2471 3161 2572 3241 qui

357 3260 597 3338 nrajora
623 3261 754 3319 aliis
782 3271 982 3339 agunt,
1012 3273 1073 3322 et
1114 3263 1344 3340 majora
1387 3281 1762 3340 praesumere,
1800 3272 1880 3333 et,
1910 3281 2031 3341 quo
2062 3262 2268 3322 melius
2297 3260 2407 3319 sibi
2435 3268 2576 3318 sunt

357 3357 609 3430 conscii,
642 3360 778 3435 plus
807 3358 1044 3418 audere.
1129 3361 1253 3418 Erit
1281 3358 1530 3418 fortasse
1560 3360 1662 3437 qui
1691 3359 1872 3430 dicat,
1902 3357 2203 3417 tolerabile
2231 3357 2291 3414 iu
2320 3357 2573 3425 Caesare,

362 3453 525 3534 quod
557 3455 616 3514 in
639 3454 755 3514 alio
786 3456 1054 3532 quolibet
1083 3475 1200 3515 non
1230 3455 1464 3515 fuisset:
1508 3457 1617 3515 erit
1645 3477 1715 3514 ex
1744 3455 1985 3515 diverso
2008 3456 2110 3531 qui
2142 3455 2253 3511 hoc
2282 3451 2577 3511 favorabi-

362 3554 499 3613 liter
543 3552 764 3632 potius,
814 3572 992 3631 quam
1041 3553 1286 3612 civiliter
1323 3553 1548 3638 dictum
1580 3552 1773 3611 dicat:
1817 3551 2162 3611 excellentia
2188 3549 2345 3608 enim
2374 3549 2577 3628 ³cujus

366 3660 426 3711 et
453 3651 562 3710 viri
594 3650 738 3708 boni
766 3669 883 3708 non
914 3650 1205 3710 licentiam
1237 3650 1413 3710 debet
1439 3669 1671 3729 augere,
1718 3649 1818 3709 sed
1860 3647 2228 3707 modestiam.
2312 3647 2421 3706 His
2450 3657 2581 3706 tan·

369 3747 500 3807 dem
532 3749 861 3825 horumque
892 3746 1180 3807 similibus
1209 3769 1280 3807 ex
1308 3751 1498 3808 causis
1546 3746 1813 3807 “tandem
1862 3747 2046 3805 latens
2087 3746 2279 3824 erupit
2325 3744 2575 3805 invidia:

370 3844 538 3922 [174]
587 3854 652 3904 et
694 3842 886 3921 primo
917 3843 1157 3922 quidem
1207 3855 1494 3905 tentatum
1544 3845 1621 3904 ab
1664 3845 1890 3903 aemulis
1936 3842 2260 3901 Labienum
2308 3842 2577 3919 legimus,

372 3941 537 4020 cujus
570 3941 788 4000 crebra
817 3941 1033 4000 mentio
1059 3941 1120 4000 in
1153 3941 1551 4020 superioribus
1598 3951 1690 4001 est
1738 3941 1959 4012 habita,
2003 3960 2180 4019 quem
2208 3951 2350 3999 tunc
2377 3940 2581 4000 Caesar

370 4038 666 4119 cisalpinae
716 4036 936 4097 Galliae
978 4038 1354 4117 praefecerat:
1401 4038 1563 4119 quod
1610 4057 1683 4099 eo
1727 4037 2049 4117 spectabat,
2097 4045 2162 4096 ut
2200 4055 2273 4095 eo
2307 4035 2580 4105 alienato,

419 4291 486 4337 9⁹
517 4287 690 4350 Lege,
704 4282 1022 4347 permaxime
1042 4284 1441 4346 impensa—loo
1479 4285 1639 4348 Lege,
1656 4287 1854 4334 sum-l
1884 4282 2044 4345 Lege,
2067 4277 2398 4341 ingentia—2
2420 4277 2583 4343 Lege,

353 4374 576 4435 qam-³
615 4370 808 4429 Forte,
828 4364 1061 4415 civim—⁴
1099 4365 1396 4416 Delendum
1419 4367 1625 4414 condem.
2326 4385 2332 4391 -
