3017 4925
969 379 1076 429 ns
1120 380 1188 429 c.
1218 379 1444 430 mmo
1489 379 1823 431 cassan.
2282 365 2461 435 m

268 524 748 605 superstitionem.-
818 524 1003 585 Nulla
1041 524 1102 586 in
1130 525 1232 585 illo
1262 524 1633 603 antiquitatis
1661 520 1794 587 sun't
1825 524 2089 604 vestigia.
2172 527 2334 597 Quin
2363 530 2462 593 vix

268 622 823 703 quadringentorum,
866 640 1158 682 summum
1206 621 1660 702 quingentorum
1717 642 1998 684 annorum
2046 632 2279 685 aetatem
2325 624 2461 688 sert.

269 721 408 781 Nam
433 730 499 780 ut
541 720 812 779 omittam
851 720 983 792 alia,
1041 720 1308 780 Morinos
1334 720 1480 781 dicit
1522 740 1631 780 suo
1658 729 1923 800 tempore
1952 720 2237 782 Flaudros
2261 724 2465 803 appel·

261 801 376 889 lari,
397 828 457 876 et
483 819 673 896 Reges
701 817 1038 878 Germanloe
1064 819 1369 880 Cesaresss
1413 818 1549 895 (His
1579 818 1921 879 Dodwellus
1946 818 2248 897 adjungit,
2293 820 2461 901 quod

262 914 404 994 apud
456 914 620 973 huuc
661 914 1006 993 scriptorem
1047 924 1444 976 memorantur
1495 916 1724 976 Basilea
1771 925 1833 976 et
1875 917 2220 977 Constantia
2262 917 2461 990 urbes,

266 1012 390 1072 urbs
415 1011 638 1071 famosa
684 1011 955 1082 Parisius,
1005 1014 1277 1074 Flandria
1321 1024 1383 1075 et
1431 1014 1792 1087 Harmonia.)
1848 1016 2101 1094 ‘Neque
2137 1022 2332 1076 tamen
2374 1016 2465 1077 in·

259 1107 454 1185 dignus
481 1119 570 1170 est
617 1110 961 1190 Anonymus
1003 1110 1099 1171 hic.
1145 1098 1419 1183 lectione,
1464 1131 1604 1172 cum
1646 1111 1857 1173 multas
1898 1131 2104 1192 graves
2148 1114 2464 1174 sententias

260 1214 535 1285 aspergat,
557 1226 695 1286 quae
725 1206 1002 1268 lectorem
1035 1219 1277 1287 possunt
1303 1209 1557 1282 erudire,
1586 1219 1654 1270 ut
1681 1229 1798 1270 non
1826 1220 1919 1271 est
1944 1212 2004 1270 in
2033 1211 2461 1291 cognoscendis

259 1302 433 1362 causis
460 1322 567 1363 cur
593 1323 848 1383 quasque
876 1316 1043 1383 gesta
1095 1306 1215 1366 siut
1255 1307 1528 1379 obtusus,
1567 1327 1677 1367 nec
1718 1307 1936 1368 inutilis
1976 1316 2080 1368 aut
2128 1308 2459 1388 legentibus

258 1408 350 1461 aut
372 1399 678 1461 edentibus
707 1402 1021 1463 caesarem.
1113 1404 1250 1463 Nou
1280 1402 1396 1463 suit
1420 1404 1572 1464 enim
1614 1405 1918 1483 imperitus
1956 1424 2149 1465 rerum
2180 1406 2461 1466 humana-

257 1515 394 1569 rum,
447 1517 560 1559 nec
601 1518 716 1578 pro
743 1508 920 1578 captu
971 1499 1124 1560 illius
1181 1500 1372 1560 vetatis
1410 1500 1703 1573 indoctus,
1733 1503 1952 1582 quippe
1980 1503 2081 1582 qui
2123 1501 2184 1561 in
2231 1503 2459 1582 scriptis

258 1591 527 1655 Tullianis
556 1596 860 1674 praecipue
886 1596 948 1655 in
979 1596 1254 1675 Epistolis
1301 1595 1378 1656 ad
1406 1596 1670 1658 Atticum
1721 1599 1958 1660 minime
1998 1598 2174 1660 suerit
2225 1600 2461 1678 hospes,

253 1711 316 1750 ex
342 1692 552 1771 quibus
582 1713 704 1752 nou
731 1712 924 1772 pauca
949 1694 1251 1773 excerpsit,
1272 1678 1413 1774 qua».
1439 1694 1669 1754 faciunt
1687 1696 1759 1755 ad
1790 1698 1826 1758 J
1834 1696 2015 1756 ulium
2044 1697 2333 1757 Caesarem
2357 1697 2462 1758 de-

255 1787 621 1865 fendendum,
636 1811 815 1871 quem
832 1791 1160 1853 admiratur
1171 1793 1363 1863 unice,
1379 1802 1439 1854 et
1455 1792 1532 1853 ad
1548 1792 1862 1854 refellenda
1879 1813 2273 1873 quaecumque
2291 1794 2459 1856 iuillo

254 1886 736 1951 criminabantur!
810 1891 959 1950 Haec
1000 1890 1115 1951 ille.
1161 1891 1292 1953 Jac.
1341 1890 1686 1952 Sirmoudus
1726 1891 1787 1951 in
1825 1891 1979 1952 uotis
2007 1891 2083 1953 ad
2126 1892 2460 1953 Enuodium

256 2002 310 2061 p.
336 1994 432 2055 78.
463 1995 737 2060 testatur,
749 1987 828 2048 ad
860 1988 1084 2048 calcem
1115 1987 1335 2048 codicis
1347 1986 1617 2048 Vaticani
1641 2008 1880 2068 quoque
1899 1988 2146 2049 Caesaris
2174 1988 2459 2050 librorum

253 2083 598 2163 ascriptum:
663 2093 680 2118 ⁶
708 2083 902 2145 Julius
960 2085 1167 2145 Celsus
1218 2085 1634 2146 Constantinus
1693 2087 1766 2145 V.
1811 2087 1885 2148 C.
1944 2086 2102 2166 legi!
2172 2094 2189 2121 ⁴
2222 2087 2460 2150 Flavius

253 2178 498 2243 Licerius
546 2183 844 2244 Firminus
870 2182 1196 2262 Lupicinus
1234 2183 1394 2263 legi!
1461 2184 1875 2263 Observatque
1905 2183 2257 2263 Lupicinum
2298 2184 2458 2246 hunc

253 2275 416 2339 fuisse
441 2280 763 2359 Euprepiae
788 2279 1002 2340 sororis
1031 2280 1284 2340 Eunodii
1313 2280 1597 2361 Episcopi
1626 2280 1962 2341 Ticineusis
1995 2280 2202 2355 filium,
2232 2282 2459 2342 clarum

254 2374 353 2435 sub
374 2375 536 2435 initia
562 2376 721 2437 sexti
755 2396 788 2436 a
818 2376 933 2437 Ch.
962 2386 1107 2437 nato
1134 2377 1336 2437 seculi.
1421 2377 1553 2437 Nec
1580 2378 1837 2437 Joaunes
1868 2378 2296 2451 Sariberiensis,
2326 2379 2459 2440 ¹¹neec

253 2473 568 2554 Polydorus
597 2475 895 2555 Virgilius,
916 2495 1030 2536 uec
1058 2474 1311 2553 Lipsius,
1341 2474 1590 2536 Caesaris
1620 2475 2074 2535 commentarios
2093 2478 2128 2537 J
2135 2475 2255 2536 ulio
2283 2478 2459 2538 Celso

253 2571 635 2634 attribuerunt
654 2583 935 2653 tanquam
962 2573 1211 2642 auctori,
1231 2579 1296 2632 ut
1316 2569 1572 2631 traditur
1597 2571 1652 2631 in
1672 2570 2037 2649 Menagianis
2054 2573 2132 2633 T.
2158 2588 2238 2633 11.
2269 2592 2333 2652 p.
2350 2580 2455 2645 99.

253 2666 468 2731 Priores
485 2673 614 2732 duo
642 2692 715 2731 ne
745 2671 899 2732 Celsi
918 2670 1154 2748 quidem
1183 2666 1850 2743 mentionemfeceruut,
1882 2665 2112 2745 Lipsius
2142 2667 2346 2728 saltem
2375 2685 2455 2729 11.

255 2773 308 2834 7.
348 2768 605 2830 Elector.
639 2778 884 2829 testatus
910 2776 1019 2841 est,
1054 2788 1116 2828 se
1144 2768 1201 2827 in
1233 2766 1680 2828 Commentariis
1721 2765 1971 2827 Caesaris
1998 2784 2158 2844 saepe
2194 2785 2458 2844 quaerere

252 2862 548 2940 Caesarem,
578 2876 642 2927 et
666 2869 880 2928 multos
901 2867 962 2927 in
981 2866 1137 2927 illam
1159 2886 1474 2945 purpuram
1506 2884 1734 2946 pannos
1764 2864 1995 2923 insutos
2018 2883 2081 2922 se
2103 2862 2316 2956 videre,
2346 2884 2456 2926 nec

248 2958 303 3021 iu
325 2961 580 3025 dictione
618 2965 751 3044 ipsa
777 2965 999 3044 spirare
1028 2964 1252 3044 ubique
1279 2965 1519 3024 naribus
1548 2963 1667 3023 suis
1694 2981 1895 3023 auram
1925 2961 2104 3033 illam,
2134 2969 2216 3032 et,
2257 2970 2325 3022 ut
2365 2960 2455 3022 sic

249 3057 451 3136 fficam,
492 3070 742 3123 stactam
785 3083 956 3142 purae
1001 3062 1390 3141 antiquitatis.
1459 3068 1477 3095 ‘
1520 3061 1697 3140 Lege,
1755 3059 1968 3139 relege,
2026 3057 2212 3118 multa
2264 3058 2459 3119 otiosa

251 3160 508 3236 reperies,
550 3160 874 3239 disjuncta,
917 3161 1209 3232 intricata,
1241 3161 1615 3239 interpolata,
1644 3158 1924 3237 repetita:
1979 3165 2041 3217 ut
2068 3155 2307 3216 omuino
2334 3175 2453 3217 non

251 3253 411 3329 absit,
438 3260 584 3338 quin
613 3258 691 3317 ad
710 3258 860 3317 hauc
891 3257 1063 3336 prisci
1091 3257 1280 3337 operis
1308 3266 1560 3317 statuam
1589 3256 1821 3315 novella
1837 3254 2034 3333 aliqua
2054 3254 2368 3314 accesserit
2393 3264 2457 3315 et

251 3349 505 3431 imperita
557 3357 807 3415 manus!
863 3355 1128 3415 'rantum
1173 3363 1366 3415 autem
1409 3355 1594 3427 abest,
1632 3364 1715 3414 ut¹
1739 3353 1892 3414 idem
1939 3352 2175 3430 Lipsius
2220 3351 2454 3412 Celsum

253 3444 512 3512 habuerit
541 3472 646 3531 pro
672 3461 915 3513 auctore
944 3454 1192 3514 Caesaris
1234 3454 1814 3523 commentariorum,
1846 3449 2007 3530 quod
2039 3449 2119 3508 illi
2146 3449 2321 3509 etiam
2352 3448 2456 3510 tri·

251 3543 440 3609 buitur
479 3553 535 3609 iu
578 3551 974 3630 Scaligerianis
1020 3570 1126 3630 per
1185 3551 1474 3610 Vassanos
1517 3549 1808 3620 collectis,
1860 3555 1926 3607 ut
1980 3545 2181 3625 potius
2224 3546 2330 3607 lib.
2371 3561 2452 3607 11.

253 3641 611 3721 Epistolicar.
664 3649 1054 3727 quaestionum
1103 3651 1237 3727 cap'.
1271 3658 1329 3711 2.
1382 3648 1599 3708 refutet
1628 3646 1783 3706 Lud.
1821 3644 2159 3707 Carrionem
2202 3644 2282 3706 ita
2322 3663 2458 3705 sen-

254 3739 518 3809 tientem:
581 3746 718 3805 licet
758 3756 985 3805 constet
1025 3765 1060 3805 a
1108 3744 1418 3804 Vincentio
1470 3746 1691 3804 Bellov.
1738 3744 1795 3802 in
1840 3743 2094 3822 Speculo
2130 3743 2285 3803 Hist.
2341 3761 2454 3803 nec

256 3855 364 3897 uon
401 3860 439 3900 a
465 3842 753 3902 Gualtero
791 3842 1022 3902 Burlaeo
1050 3846 1106 3901 in
1140 3843 1267 3903 vitis
1303 3843 1804 3922 philosophorum,
1831 3839 2063 3902 Jacobo
2091 3841 2352 3919 Mangno
2392 3839 2455 3898 in

256 3931 628 4017 Sophologio,
661 3947 716 3998 et
749 3939 994 3998 Alberto
1025 3940 1214 4020 Eybio
1252 3940 1577 4019 margaritas
1620 3939 1870 4021 po‘eticae
1911 3947 2172 4009 auctore,
2203 3934 2452 3998 Caesaris

257 4031 492 4096 subinde
542 4037 720 4096 verba
764 4038 923 4096 Celsi
980 4056 1215 4096 nomme
1253 4037 1439 4096 citari.
1507 4045 1524 4070 ⁸
1556 4037 1717 4106 Quin
1764 4036 1954 4096 Julius
1999 4035 2207 4112 aliquis
2242 4032 2452 4094 Celsus

255 4145 450 4194 nanus
473 4135 732 4195 attulerit
755 4134 995 4206 Caesari,
1025 4134 1302 4213 quaedam
1332 4133 1623 4208 reciderit,
1650 4131 1964 4203 addiderit,
1983 4130 2258 4208 quasdam
2277 4128 2454 4189 inter-

566 4265 595 4314 1
618 4260 917 4316 Beruardus
940 4263 1162 4316 Moueta
1180 4265 1319 4318 notis
1338 4263 1408 4317 ad
1429 4264 1744 4330 Meusgians
1761 4263 1822 4314 T.
1846 4276 1926 4315 ιν.
1947 4274 2001 4327 p.
2022 4264 2106 4313 8⁰.
