<?xml version="1.0" encoding="UTF-8"?>
<!DOCTYPE html PUBLIC "-//W3C//DTD XHTML 1.0 Transitional//EN"
    "http://www.w3.org/TR/xhtml1/DTD/xhtml1-transitional.dtd">
<html xmlns="http://www.w3.org/1999/xhtml" xml:lang="en" lang="en">
 <head>
  <title>
</title>
<meta http-equiv="Content-Type" content="text/html;charset=utf-8" />
  <meta name='ocr-system' content='tesseract 3.04.00' />
  <meta name='ocr-capabilities' content='ocr_page ocr_carea ocr_par ocr_line ocrx_word'/>
</head>
<body>
  <div class='ocr_page' id='page_1' title='image "./cjuliicaesariso00plutgoog_0125.png"; bbox 0 0 3017 4925; ppageno 0'>
   <div class='ocr_carea' id='block_1_1' title="bbox 897 377 2478 446">
    <p class='ocr_par' dir='ltr' id='par_1_1' title="bbox 897 377 2478 446">
     <span class='ocr_line' id='line_1_1' title="bbox 897 377 2478 446; baseline 0.001 -2"><span class='ocrx_word' id='word_1_1' title='bbox 897 394 994 444; x_wconf 75' lang='lat' dir='ltr'>nn</span> <span class='ocrx_word' id='word_1_2' title='bbox 1039 393 1217 445; x_wconf 64' lang='lat' dir='ltr'>vrrs</span> <span class='ocrx_word' id='word_1_3' title='bbox 1266 392 1470 445; x_wconf 68' lang='lat' dir='ltr'>mnu</span> <span class='ocrx_word' id='word_1_4' title='bbox 1520 391 1874 443; x_wconf 65' lang='lat' dir='ltr'>cassura.</span> <span class='ocrx_word' id='word_1_5' title='bbox 2304 377 2478 446; x_wconf 73' lang='lat'>1⁷95</span> 
     </span>
    </p>
   </div>
   <div class='ocr_carea' id='block_1_2' title="bbox 279 540 2505 3919">
    <p class='ocr_par' dir='ltr' id='par_1_2' title="bbox 279 540 2505 3919">
     <span class='ocr_line' id='line_1_2' title="bbox 281 540 2481 623; baseline 0.002 -19"><span class='ocrx_word' id='word_1_6' title='bbox 281 558 390 604; x_wconf 78' lang='lat' dir='ltr'>aen</span> <span class='ocrx_word' id='word_1_7' title='bbox 417 542 647 616; x_wconf 85' lang='lat' dir='ltr'>audito,</span> <span class='ocrx_word' id='word_1_8' title='bbox 675 562 790 603; x_wconf 88' lang='lat' dir='ltr'>seu</span> <span class='ocrx_word' id='word_1_9' title='bbox 827 541 1052 602; x_wconf 81' lang='lat' dir='ltr'>fervore</span> <span class='ocrx_word' id='word_1_10' title='bbox 1098 541 1317 603; x_wconf 81' lang='lat' dir='ltr'>Martio</span> <span class='ocrx_word' id='word_1_11' title='bbox 1362 540 1694 621; x_wconf 76' lang='lat' dir='ltr'>impellente</span> <span class='ocrx_word' id='word_1_12' title='bbox 1736 542 1989 616; x_wconf 69' lang='lat' dir='ltr'>animosg</span> <span class='ocrx_word' id='word_1_13' title='bbox 2036 544 2303 623; x_wconf 83' lang='lat' dir='ltr'>quamvis</span> <span class='ocrx_word' id='word_1_14' title='bbox 2344 546 2481 608; x_wconf 88' lang='lat' dir='ltr'>reti-</span> 
     </span>
     <span class='ocr_line' id='line_1_3' title="bbox 281 638 2480 719; baseline 0.002 -18"><span class='ocrx_word' id='word_1_15' title='bbox 281 642 543 701; x_wconf 74' lang='lat' dir='ltr'>nentibus</span> <span class='ocrx_word' id='word_1_16' title='bbox 594 639 813 719; x_wconf 78' lang='lat' dir='ltr'>legatis</span> <span class='ocrx_word' id='word_1_17' title='bbox 869 638 1085 718; x_wconf 80' lang='lat' dir='ltr'>quibus</span> <span class='ocrx_word' id='word_1_18' title='bbox 1141 638 1257 700; x_wconf 86' lang='lat' dir='ltr'>hoc</span> <span class='ocrx_word' id='word_1_19' title='bbox 1305 639 1383 700; x_wconf 89' lang='lat' dir='ltr'>ab</span> <span class='ocrx_word' id='word_1_20' title='bbox 1430 639 1773 719; x_wconf 68' lang='lat' dir='ltr'><strong>imperatore</strong></span> <span class='ocrx_word' id='word_1_21' title='bbox 1825 640 2165 701; x_wconf 80' lang='lat' dir='ltr'>mandatum</span> <span class='ocrx_word' id='word_1_22' title='bbox 2218 653 2375 716; x_wconf 86' lang='lat' dir='ltr'>erat;</span> <span class='ocrx_word' id='word_1_23' title='bbox 2416 655 2480 709; x_wconf 89' lang='lat' dir='ltr'>et</span> 
     </span>
     <span class='ocr_line' id='line_1_4' title="bbox 281 734 2478 815; baseline 0.004 -18"><span class='ocrx_word' id='word_1_24' title='bbox 281 736 466 798; x_wconf 54' lang='lat' dir='ltr'>inuti</span> <span class='ocrx_word' id='word_1_25' title='bbox 511 734 726 797; x_wconf 60' lang='lat' dir='ltr'>“tanti</span> <span class='ocrx_word' id='word_1_26' title='bbox 773 735 1046 815; x_wconf 68' lang='lat' dir='ltr'>propriae,</span> <span class='ocrx_word' id='word_1_27' title='bbox 1094 745 1154 795; x_wconf 90' lang='lat' dir='ltr'>et</span> <span class='ocrx_word' id='word_1_28' title='bbox 1201 734 1359 814; x_wconf 80' lang='lat' dir='ltr'>fugae</span> <span class='ocrx_word' id='word_1_29' title='bbox 1407 736 1661 798; x_wconf 85' lang='lat' dir='ltr'>bostium</span> <span class='ocrx_word' id='word_1_30' title='bbox 1704 736 1947 809; x_wconf 84' lang='lat' dir='ltr'>confisa,</span> <span class='ocrx_word' id='word_1_31' title='bbox 1996 748 2056 798; x_wconf 90' lang='lat' dir='ltr'>et</span> <span class='ocrx_word' id='word_1_32' title='bbox 2104 739 2478 805; x_wconf 82' lang='lat' dir='ltr'>victoriarum</span> 
     </span>
     <span class='ocr_line' id='line_1_5' title="bbox 281 830 2482 915; baseline 0.004 -22"><span class='ocrx_word' id='word_1_33' title='bbox 281 852 501 901; x_wconf 74' lang='lat' dir='ltr'>suarum</span> <span class='ocrx_word' id='word_1_34' title='bbox 532 831 827 892; x_wconf 85' lang='lat' dir='ltr'>memoria</span> <span class='ocrx_word' id='word_1_35' title='bbox 869 831 951 891; x_wconf 91' lang='lat' dir='ltr'>nil</span> <span class='ocrx_word' id='word_1_36' title='bbox 984 830 1265 909; x_wconf 84' lang='lat' dir='ltr'>judicans</span> <span class='ocrx_word' id='word_1_37' title='bbox 1295 831 1566 905; x_wconf 85' lang='lat' dir='ltr'>difficile;</span> <span class='ocrx_word' id='word_1_38' title='bbox 1611 853 1731 893; x_wconf 91' lang='lat' dir='ltr'>non</span> <span class='ocrx_word' id='word_1_39' title='bbox 1781 833 1942 912; x_wconf 87' lang='lat' dir='ltr'>prius</span> <span class='ocrx_word' id='word_1_40' title='bbox 1985 835 2210 915; x_wconf 76' lang='lat' dir='ltr'>insequi</span> <span class='ocrx_word' id='word_1_41' title='bbox 2255 837 2482 903; x_wconf 80' lang='lat' dir='ltr'><strong>destitit</strong></span> 
     </span>
     <span class='ocr_line' id='line_1_6' title="bbox 284 929 2484 1010; baseline 0.005 -21"><span class='ocrx_word' id='word_1_42' title='bbox 284 948 448 1008; x_wconf 78' lang='lat' dir='ltr'>quam</span> <span class='ocrx_word' id='word_1_43' title='bbox 474 930 554 990; x_wconf 90' lang='lat' dir='ltr'>ad</span> <span class='ocrx_word' id='word_1_44' title='bbox 584 940 798 1009; x_wconf 86' lang='lat' dir='ltr'>portas</span> <span class='ocrx_word' id='word_1_45' title='bbox 823 929 984 1008; x_wconf 88' lang='lat' dir='ltr'>opidi</span> <span class='ocrx_word' id='word_1_46' title='bbox 1011 930 1354 1008; x_wconf 79' lang='lat' dir='ltr'>perveniret.</span> <span class='ocrx_word' id='word_1_47' title='bbox 1428 930 1777 1010; x_wconf 84' lang='lat' dir='ltr'>Tantusque</span> <span class='ocrx_word' id='word_1_48' title='bbox 1806 930 2068 1010; x_wconf 89' lang='lat' dir='ltr'>undique</span> <span class='ocrx_word' id='word_1_49' title='bbox 2095 933 2362 997; x_wconf 87' lang='lat' dir='ltr'>sublatus</span> <span class='ocrx_word' id='word_1_50' title='bbox 2389 948 2484 999; x_wconf 87' lang='lat' dir='ltr'>est</span> 
     </span>
     <span class='ocr_line' id='line_1_7' title="bbox 283 1026 2484 1110; baseline 0.004 -24"><span class='ocrx_word' id='word_1_51' title='bbox 283 1029 491 1087; x_wconf 87' lang='lat' dir='ltr'>clamor</span> <span class='ocrx_word' id='word_1_52' title='bbox 515 1037 580 1088; x_wconf 88' lang='lat' dir='ltr'>et</span> <span class='ocrx_word' id='word_1_53' title='bbox 607 1026 859 1088; x_wconf 80' lang='lat' dir='ltr'>clamori</span> <span class='ocrx_word' id='word_1_54' title='bbox 885 1027 1058 1087; x_wconf 86' lang='lat' dir='ltr'>etiam</span> <span class='ocrx_word' id='word_1_55' title='bbox 1096 1027 1310 1088; x_wconf 81' lang='lat' dir='ltr'>mixtus</span> <span class='ocrx_word' id='word_1_56' title='bbox 1354 1048 1572 1097; x_wconf 86' lang='lat' dir='ltr'>rumor,</span> <span class='ocrx_word' id='word_1_57' title='bbox 1613 1030 1909 1089; x_wconf 87' lang='lat' dir='ltr'>Romanos</span> <span class='ocrx_word' id='word_1_58' title='bbox 1936 1029 2122 1108; x_wconf 91' lang='lat' dir='ltr'>opido</span> <span class='ocrx_word' id='word_1_59' title='bbox 2148 1033 2362 1110; x_wconf 78' lang='lat' dir='ltr'>potiri:</span> <span class='ocrx_word' id='word_1_60' title='bbox 2415 1045 2484 1097; x_wconf 91' lang='lat' dir='ltr'>ut</span> 
     </span>
     <span class='ocr_line' id='line_1_8' title="bbox 280 1122 2481 1205; baseline 0.004 -22"><span class='ocrx_word' id='word_1_61' title='bbox 280 1125 376 1203; x_wconf 76' lang='lat' dir='ltr'>qui</span> <span class='ocrx_word' id='word_1_62' title='bbox 400 1124 583 1185; x_wconf 82' lang='lat' dir='ltr'>altera</span> <span class='ocrx_word' id='word_1_63' title='bbox 638 1122 765 1184; x_wconf 80' lang='lat' dir='ltr'>ex⁴⁷</span> <span class='ocrx_word' id='word_1_64' title='bbox 814 1123 947 1202; x_wconf 86' lang='lat' dir='ltr'>ipso</span> <span class='ocrx_word' id='word_1_65' title='bbox 973 1144 1099 1185; x_wconf 92' lang='lat' dir='ltr'>sese</span> <span class='ocrx_word' id='word_1_66' title='bbox 1143 1125 1326 1205; x_wconf 83' lang='lat' dir='ltr'>opido</span> <span class='ocrx_word' id='word_1_67' title='bbox 1370 1125 1804 1205; x_wconf 77' lang='lat' dir='ltr'>praecipitanter</span> <span class='ocrx_word' id='word_1_68' title='bbox 1828 1127 2151 1205; x_wconf 71' lang='lat' dir='ltr'>eriperent:</span> <span class='ocrx_word' id='word_1_69' title='bbox 2196 1140 2481 1192; x_wconf 65' lang='lat' dir='ltr'>matrona</span> 
     </span>
     <span class='ocr_line' id='line_1_9' title="bbox 279 1220 2484 1302; baseline 0.004 -21"><span class='ocrx_word' id='word_1_70' title='bbox 279 1231 462 1281; x_wconf 76' lang='lat' dir='ltr'>antem</span> <span class='ocrx_word' id='word_1_71' title='bbox 503 1220 724 1282; x_wconf 80' lang='lat' dir='ltr'>flentes</span> <span class='ocrx_word' id='word_1_72' title='bbox 749 1222 976 1281; x_wconf 82' lang='lat' dir='ltr'>veniam</span> <span class='ocrx_word' id='word_1_73' title='bbox 1012 1230 1265 1293; x_wconf 89' lang='lat' dir='ltr'>orarent,</span> <span class='ocrx_word' id='word_1_74' title='bbox 1292 1220 1479 1293; x_wconf 79' lang='lat' dir='ltr'>⁴⁸nec‚</span> <span class='ocrx_word' id='word_1_75' title='bbox 1509 1223 1661 1283; x_wconf 90' lang='lat' dir='ltr'>sicut</span> <span class='ocrx_word' id='word_1_76' title='bbox 1688 1223 1926 1283; x_wconf 84' lang='lat' dir='ltr'>Avarici</span> <span class='ocrx_word' id='word_1_77' title='bbox 1952 1234 2182 1302; x_wconf 85' lang='lat' dir='ltr'>gestum</span> <span class='ocrx_word' id='word_1_78' title='bbox 2212 1237 2356 1298; x_wconf 83' lang='lat' dir='ltr'>erat,</span> <span class='ocrx_word' id='word_1_79' title='bbox 2375 1227 2484 1289; x_wconf 78' lang='lat' dir='ltr'>foe-</span> 
     </span>
     <span class='ocr_line' id='line_1_10' title="bbox 283 1317 2484 1401; baseline 0.003 -23"><span class='ocrx_word' id='word_1_80' title='bbox 283 1319 443 1379; x_wconf 66' lang='lat' dir='ltr'>mine</span> <span class='ocrx_word' id='word_1_81' title='bbox 470 1320 664 1379; x_wconf 82' lang='lat' dir='ltr'>etiam</span> <span class='ocrx_word' id='word_1_82' title='bbox 694 1329 869 1396; x_wconf 86' lang='lat' dir='ltr'>atque</span> <span class='ocrx_word' id='word_1_83' title='bbox 896 1317 1145 1378; x_wconf 84' lang='lat' dir='ltr'>infantes</span> <span class='ocrx_word' id='word_1_84' title='bbox 1163 1317 1599 1378; x_wconf 82' lang='lat' dir='ltr'>occiderentur:</span> <span class='ocrx_word' id='word_1_85' title='bbox 1645 1328 1829 1395; x_wconf 88' lang='lat' dir='ltr'>utque</span> <span class='ocrx_word' id='word_1_86' title='bbox 1858 1318 1916 1377; x_wconf 88' lang='lat' dir='ltr'>id</span> <span class='ocrx_word' id='word_1_87' title='bbox 1950 1318 2178 1380; x_wconf 84' lang='lat' dir='ltr'>facilius</span> <span class='ocrx_word' id='word_1_88' title='bbox 2208 1322 2484 1401; x_wconf 87' lang='lat' dir='ltr'>impetra·</span> 
     </span>
     <span class='ocr_line' id='line_1_11' title="bbox 280 1413 2484 1499; baseline 0.003 -24"><span class='ocrx_word' id='word_1_89' title='bbox 280 1427 398 1476; x_wconf 84' lang='lat' dir='ltr'>rent</span> <span class='ocrx_word' id='word_1_90' title='bbox 420 1436 455 1476; x_wconf 87' lang='lat' dir='ltr'>e</span> <span class='ocrx_word' id='word_1_91' title='bbox 484 1416 679 1476; x_wconf 82' lang='lat' dir='ltr'>muris</span> <span class='ocrx_word' id='word_1_92' title='bbox 703 1426 924 1476; x_wconf 82' lang='lat' dir='ltr'>vestem</span> <span class='ocrx_word' id='word_1_93' title='bbox 952 1424 1375 1494; x_wconf 80' lang='lat' dir='ltr'>argentumque</span> <span class='ocrx_word' id='word_1_94' title='bbox 1396 1413 1777 1493; x_wconf 81' lang='lat' dir='ltr'>projicerent3</span> <span class='ocrx_word' id='word_1_95' title='bbox 1812 1415 2081 1494; x_wconf 65' lang='lat' dir='ltr'>quaedam</span> <span class='ocrx_word' id='word_1_96' title='bbox 2111 1436 2348 1497; x_wconf 87' lang='lat' dir='ltr'>quoque</span> <span class='ocrx_word' id='word_1_97' title='bbox 2373 1439 2484 1499; x_wconf 88' lang='lat' dir='ltr'>per</span> 
     </span>
     <span class='ocr_line' id='line_1_12' title="bbox 281 1511 2482 1578; baseline 0.002 -4"><span class='ocrx_word' id='word_1_98' title='bbox 281 1531 503 1574; x_wconf 85' lang='lat' dir='ltr'>murum</span> <span class='ocrx_word' id='word_1_99' title='bbox 531 1513 817 1575; x_wconf 73' lang='lat' dir='ltr'>demissae</span> <span class='ocrx_word' id='word_1_100' title='bbox 855 1533 977 1573; x_wconf 86' lang='lat' dir='ltr'>sese</span> <span class='ocrx_word' id='word_1_101' title='bbox 1022 1513 1319 1574; x_wconf 78' lang='lat' dir='ltr'>traderent</span> <span class='ocrx_word' id='word_1_102' title='bbox 1363 1512 1421 1570; x_wconf 91' lang='lat' dir='ltr'>in</span> <span class='ocrx_word' id='word_1_103' title='bbox 1465 1511 1648 1572; x_wconf 85' lang='lat' dir='ltr'>fidem</span> <span class='ocrx_word' id='word_1_104' title='bbox 1691 1524 1752 1573; x_wconf 88' lang='lat' dir='ltr'>et</span> <span class='ocrx_word' id='word_1_105' title='bbox 1800 1511 2038 1573; x_wconf 86' lang='lat' dir='ltr'>brachia</span> <span class='ocrx_word' id='word_1_106' title='bbox 2078 1514 2482 1578; x_wconf 85' lang='lat' dir='ltr'>Romanorum</span> 
     </span>
     <span class='ocr_line' id='line_1_13' title="bbox 280 1608 2485 1687; baseline 0.002 -17"><span class='ocrx_word' id='word_1_107' title='bbox 280 1610 537 1673; x_wconf 78' lang='lat' dir='ltr'>militum.</span> <span class='ocrx_word' id='word_1_108' title='bbox 633 1611 853 1671; x_wconf 86' lang='lat' dir='ltr'>Lucius</span> <span class='ocrx_word' id='word_1_109' title='bbox 893 1609 1143 1670; x_wconf 86' lang='lat' dir='ltr'>Sabinus</span> <span class='ocrx_word' id='word_1_110' title='bbox 1183 1619 1413 1669; x_wconf 74' lang='lat' dir='ltr'>octavae</span> <span class='ocrx_word' id='word_1_111' title='bbox 1440 1608 1703 1669; x_wconf 87' lang='lat' dir='ltr'>centurio</span> <span class='ocrx_word' id='word_1_112' title='bbox 1730 1609 1991 1687; x_wconf 78' lang='lat' dir='ltr'><strong>legionis,</strong></span> <span class='ocrx_word' id='word_1_113' title='bbox 2018 1610 2217 1671; x_wconf 86' lang='lat' dir='ltr'>multis</span> <span class='ocrx_word' id='word_1_114' title='bbox 2240 1613 2485 1674; x_wconf 88' lang='lat' dir='ltr'>audien-</span> 
     </span>
     <span class='ocr_line' id='line_1_14' title="bbox 282 1705 2487 1785; baseline 0.001 -18"><span class='ocrx_word' id='word_1_115' title='bbox 282 1705 430 1768; x_wconf 85' lang='lat' dir='ltr'>tibus</span> <span class='ocrx_word' id='word_1_116' title='bbox 452 1707 552 1768; x_wconf 85' lang='lat' dir='ltr'>die</span> <span class='ocrx_word' id='word_1_117' title='bbox 584 1708 691 1767; x_wconf 89' lang='lat' dir='ltr'>illo</span> <span class='ocrx_word' id='word_1_118' title='bbox 719 1707 966 1779; x_wconf 79' lang='lat' dir='ltr'>dixerat,</span> <span class='ocrx_word' id='word_1_119' title='bbox 988 1726 1049 1767; x_wconf 83' lang='lat' dir='ltr'>se</span> <span class='ocrx_word' id='word_1_120' title='bbox 1089 1706 1342 1785; x_wconf 69' lang='lat' dir='ltr'>praemiis</span> <span class='ocrx_word' id='word_1_121' title='bbox 1368 1707 1843 1777; x_wconf 82' lang='lat' dir='ltr'>Avaricensibus.</span> <span class='ocrx_word' id='word_1_122' title='bbox 1870 1707 2088 1785; x_wconf 86' lang='lat' dir='ltr'>quibus</span> <span class='ocrx_word' id='word_1_123' title='bbox 2108 1708 2307 1769; x_wconf 75' lang='lat' dir='ltr'>Caesar</span> <span class='ocrx_word' id='word_1_124' title='bbox 2332 1711 2487 1771; x_wconf 89' lang='lat' dir='ltr'>muri</span> 
     </span>
     <span class='ocr_line' id='line_1_15' title="bbox 279 1803 2488 1884; baseline 0.001 -18"><span class='ocrx_word' id='word_1_125' title='bbox 279 1804 424 1866; x_wconf 80' lang='lat' dir='ltr'>illius</span> <span class='ocrx_word' id='word_1_126' title='bbox 447 1824 828 1866; x_wconf 69' lang='lat' dir='ltr'>ascensorem</span> <span class='ocrx_word' id='word_1_127' title='bbox 856 1804 1109 1884; x_wconf 90' lang='lat' dir='ltr'>primum</span> <span class='ocrx_word' id='word_1_128' title='bbox 1148 1803 1489 1875; x_wconf 82' lang='lat' dir='ltr'>donaverat,</span> <span class='ocrx_word' id='word_1_129' title='bbox 1531 1805 1880 1875; x_wconf 83' lang='lat' dir='ltr'>excitatum;</span> <span class='ocrx_word' id='word_1_130' title='bbox 1924 1824 2044 1865; x_wconf 92' lang='lat' dir='ltr'>non</span> <span class='ocrx_word' id='word_1_131' title='bbox 2084 1824 2388 1884; x_wconf 85' lang='lat' dir='ltr'>passurum</span> <span class='ocrx_word' id='word_1_132' title='bbox 2421 1817 2488 1869; x_wconf 92' lang='lat' dir='ltr'>ut</span> 
     </span>
     <span class='ocr_line' id='line_1_16' title="bbox 283 1902 2487 1982; baseline 0.002 -20"><span class='ocrx_word' id='word_1_133' title='bbox 283 1903 596 1982; x_wconf 76' lang='lat' dir='ltr'>qaisquam</span> <span class='ocrx_word' id='word_1_134' title='bbox 628 1903 950 1980; x_wconf 77' lang='lat' dir='ltr'>Gorgomoe</span> <span class='ocrx_word' id='word_1_135' title='bbox 979 1919 1205 1961; x_wconf 90' lang='lat' dir='ltr'>murum</span> <span class='ocrx_word' id='word_1_136' title='bbox 1232 1910 1369 1961; x_wconf 86' lang='lat' dir='ltr'>ante</span> <span class='ocrx_word' id='word_1_137' title='bbox 1403 1921 1462 1960; x_wconf 90' lang='lat' dir='ltr'>se</span> <span class='ocrx_word' id='word_1_138' title='bbox 1491 1902 1820 1962; x_wconf 73' lang='lat' dir='ltr'>scanderet.</span> <span class='ocrx_word' id='word_1_139' title='bbox 1904 1903 1963 1961; x_wconf 84' lang='lat' dir='ltr'>Is</span> <span class='ocrx_word' id='word_1_140' title='bbox 1992 1922 2128 1963; x_wconf 91' lang='lat' dir='ltr'>cum</span> <span class='ocrx_word' id='word_1_141' title='bbox 2157 1904 2382 1982; x_wconf 87' lang='lat' dir='ltr'>primus</span> <span class='ocrx_word' id='word_1_142' title='bbox 2406 1905 2487 1967; x_wconf 84' lang='lat' dir='ltr'>ad</span> 
     </span>
     <span class='ocr_line' id='line_1_17' title="bbox 283 1984 2489 2078; baseline 0 -17"><span class='ocrx_word' id='word_1_143' title='bbox 283 2017 508 2061; x_wconf 80' lang='lat' dir='ltr'>murum</span> <span class='ocrx_word' id='word_1_144' title='bbox 541 1998 817 2071; x_wconf 78' lang='lat' dir='ltr'>venisset,</span> <span class='ocrx_word' id='word_1_145' title='bbox 843 1998 1020 2058; x_wconf 88' lang='lat' dir='ltr'>trium</span> <span class='ocrx_word' id='word_1_146' title='bbox 1050 2016 1286 2058; x_wconf 86' lang='lat' dir='ltr'>suorum</span> <span class='ocrx_word' id='word_1_147' title='bbox 1315 1984 1434 2078; x_wconf 74' lang='lat' dir='ltr'>ope</span> <span class='ocrx_word' id='word_1_148' title='bbox 1458 1999 1911 2078; x_wconf 81' lang='lat' dir='ltr'>manipularium</span> <span class='ocrx_word' id='word_1_149' title='bbox 1938 1999 1997 2059; x_wconf 87' lang='lat' dir='ltr'>in</span> <span class='ocrx_word' id='word_1_150' title='bbox 2026 1998 2189 2059; x_wconf 86' lang='lat' dir='ltr'><strong>illum</strong></span> <span class='ocrx_word' id='word_1_151' title='bbox 2221 2000 2489 2063; x_wconf 84' lang='lat' dir='ltr'>subleva·</span> 
     </span>
     <span class='ocr_line' id='line_1_18' title="bbox 281 2094 2487 2176; baseline 0 -19"><span class='ocrx_word' id='word_1_152' title='bbox 281 2104 389 2169; x_wconf 75' lang='lat' dir='ltr'>tus,</span> <span class='ocrx_word' id='word_1_153' title='bbox 419 2107 615 2176; x_wconf 81' lang='lat' dir='ltr'>atque</span> <span class='ocrx_word' id='word_1_154' title='bbox 643 2097 770 2174; x_wconf 81' lang='lat' dir='ltr'>ipse</span> <span class='ocrx_word' id='word_1_155' title='bbox 799 2115 899 2156; x_wconf 86' lang='lat' dir='ltr'>eos</span> <span class='ocrx_word' id='word_1_156' title='bbox 923 2094 1140 2174; x_wconf 73' lang='lat' dir='ltr'>⁴’capti</span> <span class='ocrx_word' id='word_1_157' title='bbox 1168 2096 1333 2174; x_wconf 88' lang='lat' dir='ltr'>opidi</span> <span class='ocrx_word' id='word_1_158' title='bbox 1360 2096 1612 2174; x_wconf 85' lang='lat' dir='ltr'>speciem</span> <span class='ocrx_word' id='word_1_159' title='bbox 1633 2097 1987 2174; x_wconf 65' lang='lat' dir='ltr'>praebuerat.</span> <span class='ocrx_word' id='word_1_160' title='bbox 2042 2098 2160 2157; x_wconf 87' lang='lat' dir='ltr'>Sed</span> <span class='ocrx_word' id='word_1_161' title='bbox 2190 2098 2487 2159; x_wconf 72' lang='lat' dir='ltr'>temeritas</span> 
     </span>
     <span class='ocr_line' id='line_1_19' title="bbox 285 2192 2489 2273; baseline 0.002 -22"><span class='ocrx_word' id='word_1_162' title='bbox 285 2204 349 2253; x_wconf 84' lang='lat' dir='ltr'>ut</span> <span class='ocrx_word' id='word_1_163' title='bbox 371 2212 536 2273; x_wconf 63' lang='lat' dir='ltr'>sape</span> <span class='ocrx_word' id='word_1_164' title='bbox 563 2194 709 2253; x_wconf 62' lang='lat' dir='ltr'>laeta</span> <span class='ocrx_word' id='word_1_165' title='bbox 744 2192 1053 2271; x_wconf 81' lang='lat' dir='ltr'>principia,</span> <span class='ocrx_word' id='word_1_166' title='bbox 1099 2192 1186 2251; x_wconf 89' lang='lat' dir='ltr'>sic</span> <span class='ocrx_word' id='word_1_167' title='bbox 1226 2201 1466 2252; x_wconf 84' lang='lat' dir='ltr'>moestos</span> <span class='ocrx_word' id='word_1_168' title='bbox 1495 2192 1673 2253; x_wconf 88' lang='lat' dir='ltr'>babet</span> <span class='ocrx_word' id='word_1_169' title='bbox 1700 2204 1963 2253; x_wconf 81' lang='lat' dir='ltr'>eventus.</span> <span class='ocrx_word' id='word_1_170' title='bbox 2063 2193 2307 2254; x_wconf 85' lang='lat' dir='ltr'>Alverni</span> <span class='ocrx_word' id='word_1_171' title='bbox 2329 2195 2489 2255; x_wconf 87' lang='lat' dir='ltr'>enim</span> 
     </span>
     <span class='ocr_line' id='line_1_20' title="bbox 283 2289 2493 2370; baseline 0.002 -21"><span class='ocrx_word' id='word_1_172' title='bbox 283 2289 380 2370; x_wconf 83' lang='lat' dir='ltr'>qni</span> <span class='ocrx_word' id='word_1_173' title='bbox 408 2290 668 2353; x_wconf 77' lang='lat' dir='ltr'>adversa</span> <span class='ocrx_word' id='word_1_174' title='bbox 694 2290 753 2350; x_wconf 85' lang='lat' dir='ltr'>in</span> <span class='ocrx_word' id='word_1_175' title='bbox 797 2300 964 2370; x_wconf 86' lang='lat' dir='ltr'>parte</span> <span class='ocrx_word' id='word_1_176' title='bbox 1009 2297 1195 2360; x_wconf 86' lang='lat' dir='ltr'>erant,</span> <span class='ocrx_word' id='word_1_177' title='bbox 1239 2289 1444 2350; x_wconf 90' lang='lat' dir='ltr'>audito</span> <span class='ocrx_word' id='word_1_178' title='bbox 1492 2290 1665 2368; x_wconf 87' lang='lat' dir='ltr'>capti·</span> <span class='ocrx_word' id='word_1_179' title='bbox 1700 2290 1860 2369; x_wconf 90' lang='lat' dir='ltr'>opidi</span> <span class='ocrx_word' id='word_1_180' title='bbox 1901 2308 2154 2361; x_wconf 88' lang='lat' dir='ltr'>rumore,</span> <span class='ocrx_word' id='word_1_181' title='bbox 2187 2290 2493 2369; x_wconf 78' lang='lat' dir='ltr'>glomerati</span> 
     </span>
     <span class='ocr_line' id='line_1_21' title="bbox 283 2386 2490 2467; baseline -0 -19"><span class='ocrx_word' id='word_1_182' title='bbox 283 2386 583 2459; x_wconf 78' lang='lat' dir='ltr'>advolant,</span> <span class='ocrx_word' id='word_1_183' title='bbox 612 2387 893 2467; x_wconf 77' lang='lat' dir='ltr'>eligentes</span> <span class='ocrx_word' id='word_1_184' title='bbox 920 2388 1100 2448; x_wconf 83' lang='lat' dir='ltr'>credo</span> <span class='ocrx_word' id='word_1_185' title='bbox 1127 2388 1186 2447; x_wconf 88' lang='lat' dir='ltr'>in</span> <span class='ocrx_word' id='word_1_186' title='bbox 1215 2386 1552 2449; x_wconf 78' lang='lat' dir='ltr'>defensione</span> <span class='ocrx_word' id='word_1_187' title='bbox 1579 2387 1784 2467; x_wconf 63' lang='lat' dir='ltr'>patrias</span> <span class='ocrx_word' id='word_1_188' title='bbox 1825 2387 1971 2447; x_wconf 90' lang='lat' dir='ltr'>mori</span> <span class='ocrx_word' id='word_1_189' title='bbox 1998 2386 2195 2467; x_wconf 87' lang='lat' dir='ltr'>potius</span> <span class='ocrx_word' id='word_1_190' title='bbox 2223 2387 2490 2461; x_wconf 75' lang='lat' dir='ltr'>honeste,</span> 
     </span>
     <span class='ocr_line' id='line_1_22' title="bbox 283 2486 2493 2565; baseline -0.001 -18"><span class='ocrx_word' id='word_1_191' title='bbox 283 2505 464 2565; x_wconf 81' lang='lat' dir='ltr'>qnam</span> <span class='ocrx_word' id='word_1_192' title='bbox 493 2486 832 2564; x_wconf 88' lang='lat' dir='ltr'>turpiterin</span> <span class='ocrx_word' id='word_1_193' title='bbox 860 2486 1037 2546; x_wconf 81' lang='lat' dir='ltr'>exilio</span> <span class='ocrx_word' id='word_1_194' title='bbox 1079 2487 1443 2547; x_wconf 81' lang='lat' dir='ltr'>⁵0sustinere:</span> <span class='ocrx_word' id='word_1_195' title='bbox 1487 2495 1551 2560; x_wconf 62' lang='lat' dir='ltr'>et</span> <span class='ocrx_word' id='word_1_196' title='bbox 1593 2492 1982 2563; x_wconf 77' lang='lat' dir='ltr'>praecurrente</span> <span class='ocrx_word' id='word_1_197' title='bbox 2023 2486 2286 2563; x_wconf 86' lang='lat' dir='ltr'>equitatu</span> <span class='ocrx_word' id='word_1_198' title='bbox 2332 2486 2493 2545; x_wconf 90' lang='lat' dir='ltr'>nullo</span> 
     </span>
     <span class='ocr_line' id='line_1_23' title="bbox 286 2579 2495 2661; baseline -0 -17"><span class='ocrx_word' id='word_1_199' title='bbox 286 2584 488 2644; x_wconf 83' lang='lat' dir='ltr'>ordine</span> <span class='ocrx_word' id='word_1_200' title='bbox 515 2593 735 2643; x_wconf 71' lang='lat' dir='ltr'>caetera</span> <span class='ocrx_word' id='word_1_201' title='bbox 781 2583 956 2643; x_wconf 84' lang='lat' dir='ltr'>turba</span> <span class='ocrx_word' id='word_1_202' title='bbox 997 2583 1393 2661; x_wconf 69' lang='lat' dir='ltr'>consequitur,</span> <span class='ocrx_word' id='word_1_203' title='bbox 1441 2600 1618 2659; x_wconf 87' lang='lat' dir='ltr'>seque</span> <span class='ocrx_word' id='word_1_204' title='bbox 1659 2600 1766 2658; x_wconf 85' lang='lat' dir='ltr'>pro</span> <span class='ocrx_word' id='word_1_205' title='bbox 1811 2581 1990 2639; x_wconf 85' lang='lat' dir='ltr'>muris</span> <span class='ocrx_word' id='word_1_206' title='bbox 2035 2579 2276 2658; x_wconf 85' lang='lat' dir='ltr'>objicit:</span> <span class='ocrx_word' id='word_1_207' title='bbox 2320 2582 2495 2661; x_wconf 79' lang='lat'><strong>[143]</strong></span> 
     </span>
     <span class='ocr_line' id='line_1_24' title="bbox 287 2676 2494 2755; baseline -0.002 -14"><span class='ocrx_word' id='word_1_208' title='bbox 287 2680 425 2741; x_wconf 86' lang='lat' dir='ltr'>binc</span> <span class='ocrx_word' id='word_1_209' title='bbox 466 2681 702 2744; x_wconf 84' lang='lat' dir='ltr'>animus</span> <span class='ocrx_word' id='word_1_210' title='bbox 744 2680 960 2741; x_wconf 88' lang='lat' dir='ltr'>crescit</span> <span class='ocrx_word' id='word_1_211' title='bbox 1006 2680 1280 2752; x_wconf 89' lang='lat' dir='ltr'>obsessis,</span> <span class='ocrx_word' id='word_1_212' title='bbox 1333 2688 1397 2740; x_wconf 94' lang='lat' dir='ltr'>ut</span> <span class='ocrx_word' id='word_1_213' title='bbox 1438 2688 1740 2750; x_wconf 60' lang='lat' dir='ltr'>matronae,</span> <span class='ocrx_word' id='word_1_214' title='bbox 1790 2695 1924 2755; x_wconf 77' lang='lat' dir='ltr'>quae</span> <span class='ocrx_word' id='word_1_215' title='bbox 1971 2676 2150 2738; x_wconf 91' lang='lat' dir='ltr'>modo</span> <span class='ocrx_word' id='word_1_216' title='bbox 2196 2679 2494 2744; x_wconf 83' lang='lat' dir='ltr'>Romanos</span> 
     </span>
     <span class='ocr_line' id='line_1_25' title="bbox 289 2772 2500 2854; baseline -0.004 -14"><span class='ocrx_word' id='word_1_217' title='bbox 289 2777 443 2839; x_wconf 76' lang='lat' dir='ltr'>sicut</span> <span class='ocrx_word' id='word_1_218' title='bbox 471 2777 731 2837; x_wconf 75' lang='lat' dir='ltr'>diximus</span> <span class='ocrx_word' id='word_1_219' title='bbox 758 2777 1031 2847; x_wconf 84' lang='lat' dir='ltr'>orabant,</span> <span class='ocrx_word' id='word_1_220' title='bbox 1068 2776 1199 2854; x_wconf 88' lang='lat' dir='ltr'>jam</span> <span class='ocrx_word' id='word_1_221' title='bbox 1228 2775 1447 2854; x_wconf 84' lang='lat' dir='ltr'>sparsis</span> <span class='ocrx_word' id='word_1_222' title='bbox 1494 2792 1657 2834; x_wconf 90' lang='lat' dir='ltr'>more</span> <span class='ocrx_word' id='word_1_223' title='bbox 1698 2773 1891 2852; x_wconf 87' lang='lat' dir='ltr'>patrio</span> <span class='ocrx_word' id='word_1_224' title='bbox 1938 2772 2164 2852; x_wconf 79' lang='lat' dir='ltr'><strong>capillis</strong></span> <span class='ocrx_word' id='word_1_225' title='bbox 2191 2781 2251 2833; x_wconf 89' lang='lat' dir='ltr'>et</span> <span class='ocrx_word' id='word_1_226' title='bbox 2297 2774 2500 2854; x_wconf 73' lang='lat' dir='ltr'><strong>⁵¹prae·</strong></span> 
     </span>
     <span class='ocr_line' id='line_1_26' title="bbox 293 2872 2494 2954; baseline 0 -19"><span class='ocrx_word' id='word_1_227' title='bbox 293 2876 435 2935; x_wconf 84' lang='lat' dir='ltr'>tenti</span> <span class='ocrx_word' id='word_1_228' title='bbox 461 2875 825 2954; x_wconf 78' lang='lat' dir='ltr'>pignoribus,</span> <span class='ocrx_word' id='word_1_229' title='bbox 875 2875 1043 2935; x_wconf 84' lang='lat' dir='ltr'>orare</span> <span class='ocrx_word' id='word_1_230' title='bbox 1088 2879 1226 2934; x_wconf 84' lang='lat' dir='ltr'>suos</span> <span class='ocrx_word' id='word_1_231' title='bbox 1259 2873 1610 2953; x_wconf 87' lang='lat' dir='ltr'>inciperent.</span> <span class='ocrx_word' id='word_1_232' title='bbox 1696 2872 2061 2934; x_wconf 85' lang='lat' dir='ltr'>Instauratur</span> <span class='ocrx_word' id='word_1_233' title='bbox 2105 2889 2305 2950; x_wconf 80' lang='lat' dir='ltr'>pugna</span> <span class='ocrx_word' id='word_1_234' title='bbox 2348 2873 2494 2936; x_wconf 82' lang='lat' dir='ltr'>locis</span> 
     </span>
     <span class='ocr_line' id='line_1_27' title="bbox 292 2967 2500 3050; baseline 0 -19"><span class='ocrx_word' id='word_1_235' title='bbox 292 2972 588 3042; x_wconf 75' lang='lat' dir='ltr'>omnibus,</span> <span class='ocrx_word' id='word_1_236' title='bbox 639 2971 742 3034; x_wconf 86' lang='lat' dir='ltr'>sed</span> <span class='ocrx_word' id='word_1_237' title='bbox 792 2969 995 3049; x_wconf 89' lang='lat' dir='ltr'>iniquo</span> <span class='ocrx_word' id='word_1_238' title='bbox 1042 2970 1300 3050; x_wconf 79' lang='lat' dir='ltr'>partium</span> <span class='ocrx_word' id='word_1_239' title='bbox 1346 2985 1682 3029; x_wconf 84' lang='lat' dir='ltr'>concursu:</span> <span class='ocrx_word' id='word_1_240' title='bbox 1727 2985 1863 3028; x_wconf 89' lang='lat' dir='ltr'>nam</span> <span class='ocrx_word' id='word_1_241' title='bbox 1920 2987 1993 3027; x_wconf 84' lang='lat' dir='ltr'>ex</span> <span class='ocrx_word' id='word_1_242' title='bbox 2041 2967 2189 3027; x_wconf 87' lang='lat' dir='ltr'>alto·</span> <span class='ocrx_word' id='word_1_243' title='bbox 2215 2967 2500 3031; x_wconf 87' lang='lat' dir='ltr'>dimicant</span> 
     </span>
     <span class='ocr_line' id='line_1_28' title="bbox 293 3063 2501 3144; baseline 0.001 -17"><span class='ocrx_word' id='word_1_244' title='bbox 293 3068 550 3139; x_wconf 77' lang='lat' dir='ltr'>Alverni,</span> <span class='ocrx_word' id='word_1_245' title='bbox 598 3086 674 3126; x_wconf 79' lang='lat' dir='ltr'>ex</span> <span class='ocrx_word' id='word_1_246' title='bbox 718 3065 987 3126; x_wconf 83' lang='lat' dir='ltr'>inferiore</span> <span class='ocrx_word' id='word_1_247' title='bbox 1032 3066 1169 3126; x_wconf 89' lang='lat' dir='ltr'>loco</span> <span class='ocrx_word' id='word_1_248' title='bbox 1215 3075 1411 3126; x_wconf 80' lang='lat' dir='ltr'>autem</span> <span class='ocrx_word' id='word_1_249' title='bbox 1442 3063 1712 3136; x_wconf 88' lang='lat' dir='ltr'>Romani,</span> <span class='ocrx_word' id='word_1_250' title='bbox 1741 3074 1803 3123; x_wconf 89' lang='lat' dir='ltr'>et</span> <span class='ocrx_word' id='word_1_251' title='bbox 1829 3083 2031 3144; x_wconf 81' lang='lat' dir='ltr'>pugna</span> <span class='ocrx_word' id='word_1_252' title='bbox 2057 3065 2410 3142; x_wconf 79' lang='lat' dir='ltr'>praecedenti</span> <span class='ocrx_word' id='word_1_253' title='bbox 2438 3076 2501 3130; x_wconf 86' lang='lat' dir='ltr'>et</span> 
     </span>
     <span class='ocr_line' id='line_1_29' title="bbox 293 3160 2499 3242; baseline -0 -16"><span class='ocrx_word' id='word_1_254' title='bbox 293 3181 544 3226; x_wconf 78' lang='lat' dir='ltr'>ascensu</span> <span class='ocrx_word' id='word_1_255' title='bbox 594 3162 752 3223; x_wconf 82' lang='lat' dir='ltr'>fessi.</span> <span class='ocrx_word' id='word_1_256' title='bbox 837 3163 1017 3233; x_wconf 87' lang='lat' dir='ltr'>Quod</span> <span class='ocrx_word' id='word_1_257' title='bbox 1063 3165 1261 3223; x_wconf 76' lang='lat' dir='ltr'>Caesar</span> <span class='ocrx_word' id='word_1_258' title='bbox 1306 3160 1520 3240; x_wconf 84' lang='lat' dir='ltr'>procul</span> <span class='ocrx_word' id='word_1_259' title='bbox 1564 3160 1874 3239; x_wconf 84' lang='lat' dir='ltr'>aspiciens,</span> <span class='ocrx_word' id='word_1_260' title='bbox 1921 3161 2261 3241; x_wconf 80' lang='lat' dir='ltr'>exitumque</span> <span class='ocrx_word' id='word_1_261' title='bbox 2309 3165 2499 3242; x_wconf 84' lang='lat' dir='ltr'>qualis</span> 
     </span>
     <span class='ocr_line' id='line_1_30' title="bbox 293 3255 2498 3339; baseline 0 -18"><span class='ocrx_word' id='word_1_262' title='bbox 293 3256 524 3321; x_wconf 80' lang='lat' dir='ltr'>futurus</span> <span class='ocrx_word' id='word_1_263' title='bbox 570 3269 697 3319; x_wconf 88' lang='lat' dir='ltr'>erat</span> <span class='ocrx_word' id='word_1_264' title='bbox 741 3258 1088 3337; x_wconf 75' lang='lat' dir='ltr'>intelligens,</span> <span class='ocrx_word' id='word_1_265' title='bbox 1136 3258 1393 3337; x_wconf 81' lang='lat' dir='ltr'>legatum</span> <span class='ocrx_word' id='word_1_266' title='bbox 1440 3257 1646 3317; x_wconf 82' lang='lat' dir='ltr'>Titum</span> <span class='ocrx_word' id='word_1_267' title='bbox 1702 3255 1966 3317; x_wconf 78' lang='lat' dir='ltr'>Sextium</span> <span class='ocrx_word' id='word_1_268' title='bbox 2021 3277 2156 3318; x_wconf 89' lang='lat' dir='ltr'>cum</span> <span class='ocrx_word' id='word_1_269' title='bbox 2207 3260 2498 3339; x_wconf 81' lang='lat' dir='ltr'>expeditis</span> 
     </span>
     <span class='ocr_line' id='line_1_31' title="bbox 298 3353 2502 3436; baseline 0 -20"><span class='ocrx_word' id='word_1_270' title='bbox 298 3356 644 3416; x_wconf 78' lang='lat' dir='ltr'>cohortibus</span> <span class='ocrx_word' id='word_1_271' title='bbox 669 3355 745 3415; x_wconf 86' lang='lat' dir='ltr'>ad</span> <span class='ocrx_word' id='word_1_272' title='bbox 775 3354 1035 3416; x_wconf 81' lang='lat' dir='ltr'>radicem</span> <span class='ocrx_word' id='word_1_273' title='bbox 1065 3355 1230 3416; x_wconf 83' lang='lat' dir='ltr'>collis</span> <span class='ocrx_word' id='word_1_274' title='bbox 1256 3354 1434 3424; x_wconf 85' lang='lat' dir='ltr'>misit,</span> <span class='ocrx_word' id='word_1_275' title='bbox 1462 3363 1528 3413; x_wconf 89' lang='lat' dir='ltr'>ut</span> <span class='ocrx_word' id='word_1_276' title='bbox 1574 3354 1621 3413; x_wconf 87' lang='lat' dir='ltr'>si</span> <span class='ocrx_word' id='word_1_277' title='bbox 1671 3373 1808 3414; x_wconf 85' lang='lat' dir='ltr'>suos</span> <span class='ocrx_word' id='word_1_278' title='bbox 1837 3362 1996 3432; x_wconf 85' lang='lat' dir='ltr'>terga</span> <span class='ocrx_word' id='word_1_279' title='bbox 2040 3353 2177 3414; x_wconf 81' lang='lat' dir='ltr'>dare</span> <span class='ocrx_word' id='word_1_280' title='bbox 2204 3357 2502 3436; x_wconf 78' lang='lat' dir='ltr'>continge-</span> 
     </span>
     <span class='ocr_line' id='line_1_32' title="bbox 297 3449 2500 3530; baseline 0 -16"><span class='ocrx_word' id='word_1_281' title='bbox 297 3462 409 3524; x_wconf 75' lang='lat' dir='ltr'>ret,</span> <span class='ocrx_word' id='word_1_282' title='bbox 433 3454 636 3513; x_wconf 79' lang='lat' dir='ltr'>hostes</span> <span class='ocrx_word' id='word_1_283' title='bbox 682 3453 762 3513; x_wconf 88' lang='lat' dir='ltr'>ab</span> <span class='ocrx_word' id='word_1_284' title='bbox 807 3450 1172 3530; x_wconf 87' lang='lat' dir='ltr'>insequendo</span> <span class='ocrx_word' id='word_1_285' title='bbox 1215 3449 1536 3530; x_wconf 83' lang='lat' dir='ltr'>repelleret.</span> <span class='ocrx_word' id='word_1_286' title='bbox 1620 3450 1757 3528; x_wconf 90' lang='lat' dir='ltr'>lpse</span> <span class='ocrx_word' id='word_1_287' title='bbox 1786 3459 1983 3509; x_wconf 84' lang='lat' dir='ltr'>autem</span> <span class='ocrx_word' id='word_1_288' title='bbox 2030 3449 2305 3529; x_wconf 87' lang='lat' dir='ltr'>quoniam</span> <span class='ocrx_word' id='word_1_289' title='bbox 2333 3450 2500 3515; x_wconf 82' lang='lat' dir='ltr'>locus</span> 
     </span>
     <span class='ocr_line' id='line_1_33' title="bbox 301 3545 2503 3629; baseline -0.001 -18"><span class='ocrx_word' id='word_1_290' title='bbox 301 3551 601 3629; x_wconf 75' lang='lat' dir='ltr'>pugnandi</span> <span class='ocrx_word' id='word_1_291' title='bbox 621 3549 790 3627; x_wconf 86' lang='lat' dir='ltr'>justa</span> <span class='ocrx_word' id='word_1_292' title='bbox 816 3549 942 3610; x_wconf 88' lang='lat' dir='ltr'>acie</span> <span class='ocrx_word' id='word_1_293' title='bbox 971 3567 1084 3608; x_wconf 93' lang='lat' dir='ltr'>non</span> <span class='ocrx_word' id='word_1_294' title='bbox 1112 3558 1256 3620; x_wconf 88' lang='lat' dir='ltr'>erat,</span> <span class='ocrx_word' id='word_1_295' title='bbox 1286 3547 1371 3607; x_wconf 90' lang='lat' dir='ltr'>rei</span> <span class='ocrx_word' id='word_1_296' title='bbox 1398 3546 1619 3607; x_wconf 82' lang='lat' dir='ltr'>exitum</span> <span class='ocrx_word' id='word_1_297' title='bbox 1653 3547 1857 3606; x_wconf 79' lang='lat' dir='ltr'>anxius</span> <span class='ocrx_word' id='word_1_298' title='bbox 1881 3545 2256 3624; x_wconf 85' lang='lat' dir='ltr'>expectabat.</span> <span class='ocrx_word' id='word_1_299' title='bbox 2338 3549 2503 3614; x_wconf 85' lang='lat' dir='ltr'><strong>Galli</strong></span> 
     </span>
     <span class='ocr_line' id='line_1_34' title="bbox 302 3643 2502 3725; baseline 0.001 -19"><span class='ocrx_word' id='word_1_300' title='bbox 302 3647 542 3725; x_wconf 74' lang='lat' dir='ltr'>quidem</span> <span class='ocrx_word' id='word_1_301' title='bbox 568 3647 708 3706; x_wconf 89' lang='lat' dir='ltr'>loco</span> <span class='ocrx_word' id='word_1_302' title='bbox 745 3657 805 3707; x_wconf 90' lang='lat' dir='ltr'>et</span> <span class='ocrx_word' id='word_1_303' title='bbox 831 3666 1090 3718; x_wconf 85' lang='lat' dir='ltr'>numero,</span> <span class='ocrx_word' id='word_1_304' title='bbox 1137 3644 1382 3706; x_wconf 85' lang='lat' dir='ltr'>Romani</span> <span class='ocrx_word' id='word_1_305' title='bbox 1410 3644 1534 3704; x_wconf 82' lang='lat' dir='ltr'>sola</span> <span class='ocrx_word' id='word_1_306' title='bbox 1562 3643 1776 3704; x_wconf 83' lang='lat' dir='ltr'>virtute</span> <span class='ocrx_word' id='word_1_307' title='bbox 1804 3643 2205 3721; x_wconf 73' lang='lat' dir='ltr'>praestabant3</span> <span class='ocrx_word' id='word_1_308' title='bbox 2250 3664 2384 3722; x_wconf 82' lang='lat' dir='ltr'>quae</span> <span class='ocrx_word' id='word_1_309' title='bbox 2414 3655 2502 3707; x_wconf 87' lang='lat' dir='ltr'>ta-</span> 
     </span>
     <span class='ocr_line' id='line_1_35' title="bbox 301 3740 2502 3820; baseline 0 -16"><span class='ocrx_word' id='word_1_310' title='bbox 301 3760 432 3804; x_wconf 76' lang='lat' dir='ltr'>men</span> <span class='ocrx_word' id='word_1_311' title='bbox 475 3743 557 3804; x_wconf 83' lang='lat' dir='ltr'>ad</span> <span class='ocrx_word' id='word_1_312' title='bbox 606 3742 871 3804; x_wconf 87' lang='lat' dir='ltr'>ultimum</span> <span class='ocrx_word' id='word_1_313' title='bbox 917 3741 1071 3818; x_wconf 78' lang='lat' dir='ltr'>mole</span> <span class='ocrx_word' id='word_1_314' title='bbox 1114 3740 1370 3802; x_wconf 72' lang='lat' dir='ltr'>lnostium</span> <span class='ocrx_word' id='word_1_315' title='bbox 1415 3740 1567 3800; x_wconf 85' lang='lat' dir='ltr'>victa</span> <span class='ocrx_word' id='word_1_316' title='bbox 1613 3740 1950 3806; x_wconf 87' lang='lat' dir='ltr'>succubuit.</span> <span class='ocrx_word' id='word_1_317' title='bbox 2032 3742 2243 3820; x_wconf 84' lang='lat' dir='ltr'>ltaque</span> <span class='ocrx_word' id='word_1_318' title='bbox 2284 3744 2502 3810; x_wconf 83' lang='lat' dir='ltr'>Lucius</span> 
     </span>
     <span class='ocr_line' id='line_1_36' title="bbox 305 3835 2505 3919; baseline 0.001 -19"><span class='ocrx_word' id='word_1_319' title='bbox 305 3837 552 3904; x_wconf 78' lang='lat' dir='ltr'>Sabinus</span> <span class='ocrx_word' id='word_1_320' title='bbox 576 3859 612 3899; x_wconf 91' lang='lat' dir='ltr'>e</span> <span class='ocrx_word' id='word_1_321' title='bbox 642 3858 827 3911; x_wconf 88' lang='lat' dir='ltr'>muro,</span> <span class='ocrx_word' id='word_1_322' title='bbox 871 3838 934 3900; x_wconf 92' lang='lat' dir='ltr'>in</span> <span class='ocrx_word' id='word_1_323' title='bbox 969 3857 1143 3919; x_wconf 86' lang='lat' dir='ltr'>quem</span> <span class='ocrx_word' id='word_1_324' title='bbox 1174 3836 1393 3917; x_wconf 84' lang='lat' dir='ltr'>primus</span> <span class='ocrx_word' id='word_1_325' title='bbox 1415 3835 1786 3916; x_wconf 80' lang='lat' dir='ltr'>ascenderat,</span> <span class='ocrx_word' id='word_1_326' title='bbox 1816 3856 1951 3904; x_wconf 88' lang='lat' dir='ltr'>cum</span> <span class='ocrx_word' id='word_1_327' title='bbox 1982 3839 2302 3906; x_wconf 87' lang='lat' dir='ltr'>comitibus</span> <span class='ocrx_word' id='word_1_328' title='bbox 2328 3841 2505 3908; x_wconf 89' lang='lat' dir='ltr'>inter-</span> 
     </span>
    </p>
   </div>
   <div class='ocr_carea' id='block_1_3' title="bbox 371 4068 2507 4135">
    <p class='ocr_par' dir='ltr' id='par_1_3' title="bbox 371 4068 2507 4135">
     <span class='ocr_line' id='line_1_37' title="bbox 371 4068 2507 4135; baseline 0 -15"><span class='ocrx_word' id='word_1_329' title='bbox 371 4072 431 4120; x_wconf 72' lang='grc'>46</span> <span class='ocrx_word' id='word_1_330' title='bbox 482 4070 647 4134; x_wconf 72' lang='lat' dir='ltr'>Lege,</span> <span class='ocrx_word' id='word_1_331' title='bbox 685 4073 1016 4121; x_wconf 65' lang='lat' dir='ltr'>tantm-47</span> <span class='ocrx_word' id='word_1_332' title='bbox 1060 4068 1279 4135; x_wconf 81' lang='lat' dir='ltr'>Supple,</span> <span class='ocrx_word' id='word_1_333' title='bbox 1323 4074 1478 4135; x_wconf 77' lang='lat' dir='ltr'>parts.</span> <span class='ocrx_word' id='word_1_334' title='bbox 1481 4074 1613 4121; x_wconf 76' lang='lat'>—48</span> <span class='ocrx_word' id='word_1_335' title='bbox 1669 4070 1844 4134; x_wconf 86' lang='lat' dir='ltr'>Forte,</span> <span class='ocrx_word' id='word_1_336' title='bbox 1895 4072 2101 4120; x_wconf 52' lang='lat' dir='ltr'>nse—49</span> <span class='ocrx_word' id='word_1_337' title='bbox 2158 4068 2418 4132; x_wconf 65' lang='lat' dir='ltr'>Excipiam</span> <span class='ocrx_word' id='word_1_338' title='bbox 2452 4069 2507 4121; x_wconf 72' lang='lat' dir='ltr'>in</span> 
     </span>
    </p>
   </div>
   <div class='ocr_carea' id='block_1_4' title="bbox 310 4149 2507 4295">
    <p class='ocr_par' dir='ltr' id='par_1_4' title="bbox 310 4149 2507 4295">
     <span class='ocr_line' id='line_1_38' title="bbox 313 4149 2507 4219; baseline -0.002 -15"><span class='ocrx_word' id='word_1_339' title='bbox 313 4164 493 4206; x_wconf 65' lang='lat' dir='ltr'><strong>m</strong></span> <span class='ocrx_word' id='word_1_340' title='bbox 533 4149 804 4217; x_wconf 60' lang='lat' dir='ltr'>autina,</span> <span class='ocrx_word' id='word_1_341' title='bbox 846 4164 911 4202; x_wconf 82' lang='lat' dir='ltr'>ex</span> <span class='ocrx_word' id='word_1_342' title='bbox 950 4151 1159 4208; x_wconf 67' lang='lat' dir='ltr'>Caesare</span> <span class='ocrx_word' id='word_1_343' title='bbox 1199 4152 1404 4219; x_wconf 77' lang='lat' dir='ltr'>supple.</span> <span class='ocrx_word' id='word_1_344' title='bbox 1404 4156 1535 4205; x_wconf 75' lang='lat' dir='ltr'>—5o</span> <span class='ocrx_word' id='word_1_345' title='bbox 1579 4152 1720 4204; x_wconf 86' lang='lat' dir='ltr'>Puto</span> <span class='ocrx_word' id='word_1_346' title='bbox 1759 4150 1963 4214; x_wconf 81' lang='lat' dir='ltr'>deesse,</span> <span class='ocrx_word' id='word_1_347' title='bbox 2003 4149 2168 4199; x_wconf 70' lang='lat' dir='ltr'>vitm.</span> <span class='ocrx_word' id='word_1_348' title='bbox 2169 4154 2298 4201; x_wconf 77' lang='lat'>-51</span> <span class='ocrx_word' id='word_1_349' title='bbox 2345 4150 2507 4217; x_wconf 73' lang='lat' dir='ltr'>Lege,</span> 
     </span>
     <span class='ocr_line' id='line_1_39' title="bbox 310 4232 565 4295; baseline 0.004 -13"><span class='ocrx_word' id='word_1_350' title='bbox 310 4232 565 4295; x_wconf 62' lang='lat' dir='ltr'>frma.</span> 
     </span>
    </p>
   </div>
  </div>
 </body>
</html>
