3017 4925
871 446 993 496 ne
1016 445 1191 495 vrrA
1236 444 1441 496 sunu
1488 440 1844 498 efflamus.
2289 414 2468 498 ,1333

257 599 607 678 umpbonm
634 608 703 660 et
740 598 1026 659 bellorum
1063 594 1120 659 e't
1162 596 1442 658 fundendi
1496 599 1789 679 sanguinis
1830 598 1962 661 finis
1997 597 2300 709 fuit.1ta
2346 610 2469 701 tan-

252 695 382 756 dem
412 696 605 776 longis
637 696 809 756 bellis
836 716 952 776 pax
987 696 1109 756 alta
1141 700 1524 756 successerat.

304 795 422 853 Ba
466 794 711 872 quidem
759 792 1103 874 magnitudo
1149 813 1339 854 rerum
1379 804 1465 853 et
1491 795 1729 855 claritas
1776 796 1988 857 victori
2037 794 2299 874 gloriam,
2339 786 2468 854 ⁶²ex

246 891 419 951 terris
440 890 720 970 gentibus
747 900 1067 970 stuporem,
1112 891 1231 951 suis
1256 892 1486 952 civibus
1516 893 1757 952 livorem
1785 895 2106 972 odiumque
2148 902 2470 972 pepererat.

242 985 565 1047 Neminem
595 997 758 1047 certe
786 988 1146 1058 clementius,
1197 989 1484 1048 neminem
1535 989 1829 1050 liberalius
1869 990 2113 1050 victoria
2140 1009 2306 1049 nisum
2338 1004 2477 1048 con·

250 1092 391 1155 stat,
442 1083 629 1163 idque
667 1080 961 1143 “maximi
1006 1096 1140 1146 sunt
1180 1095 1476 1147 auctores.
1554 1086 1726 1167 [258]
1768 1087 2119 1148 invidebant
2152 1096 2365 1158 tamen,
2407 1094 2470 1144 et

242 1180 419 1259 qnod
445 1182 775 1252 miraberis,
802 1181 1130 1243 invidentes
1157 1184 1460 1244 certabant
1482 1204 1617 1245 eum
1649 1172 1969 1244 honoribus
1993 1202 2201 1245 ornare
2219 1183 2472 1264 :positae

248 1276 309 1339 in
344 1279 587 1357 teumlis
615 1278 912 1357 imagines,
957 1277 1294 1360 “naggestri
1322 1280 1381 1340 in
1412 1281 1597 1353 curia,
1644 1280 1941 1359 fastigium
1983 1280 2042 1340 in
2083 1280 2284 1352 domo,
2314 1294 2475 1339 men-

249 1380 329 1438 sis
376 1374 441 1437 in
485 1378 675 1438 coelo:
720 1377 847 1457 ipse
896 1389 1063 1458 pater
1106 1381 1313 1459 patrioe
1349 1390 1791 1461 perpetuusque
1837 1381 2130 1442 dictator:
2181 1383 2265 1440 ita
2316 1379 2472 1439 euim

252 1475 631 1536 haec-omnia
674 1474 891 1554 scripta
921 1483 1074 1537 sunt.
1160 1477 1498 1556 lpse-suam
1544 1496 1776 1537 omnem
1823 1477 2190 1538 clementiam
2217 1473 2476 1555 ⁶⁵poten-

250 1572 399 1633 t'nm
425 1572 488 1632 in
514 1571 677 1632 cives
705 1572 1043 1632 effundere:
1089 1572 1231 1632 nibil
1279 1573 1354 1634 de
1396 1582 1562 1634 tauto
1589 1573 1837 1653 imperio
1877 1594 2045 1634 suum
2089 1582 2215 1633 erat
2256 1583 2473 1651 praeter

248 1671 505 1751 gloriam
544 1681 606 1732 et
647 1673 874 1753 imperii
913 1673 1136 1733 nudum
1182 1693 1431 1736 nomen:
1476 1674 1756 1753 pecunias
1789 1693 2022 1734 omnem
2052 1684 2285 1733 aetatem
2333 1670 2476 1732 con-

252 1781 618 1848 tempserat:
665 1772 995 1851 voluptates
1024 1764 1426 1851 ut'sperneret
1462 1771 1588 1850 jam
1636 1772 1746 1831 sibi
1795 1782 1937 1832 zetas
1971 1769 2209 1831 devexa
2237 1780 2476 1848 praesta-

252 1866 384 1926 bat.
471 1867 704 1946 Negare
753 1887 869 1928 nou
913 1888 1175 1948 possum,
1207 1868 1348 1949 quin
1378 1869 1437 1928 in
1469 1870 1776 1948 republica
1799 1868 2039 1948 juvenis
2081 1867 2262 1948 paulo
2290 1867 2477 1946 impe-

242 1964 508 2035 tuosior,
536 1974 599 2024 et
648 1966 1012 2046 principatus
1041 1984 1273 2046 semper
1298 1966 1677 2047 appetentior
1701 1964 1889 2039 ⁶“fuit,
1920 1985 2097 2045 qnam
2143 1974 2230 2025 sat
2261 1974 2369 2037 est,
2399 1983 2474 2024 ne

256 2062 306 2121 si
334 2061 460 2121 boc
503 2080 733 2141 negem,
764 2063 892 2141 ipse
926 2064 1068 2124 meis
1108 2063 1343 2143 scriptis
1369 2062 1655 2144 ⁶⁷arguer,
1683 2073 1743 2123 et
1773 2063 1862 2124 bis
1892 2061 2231 2124 auctoribus
2256 2058 2477 2121 “nuda

254 2157 359 2218 ina·
388 2157 808 2235 decerpserim.
890 2159 1008 2220 Sed
1040 2150 1173 2240 q'uis
1199 2162 1440 2220 virtutes
1477 2161 1619 2220 alias
1650 2159 1754 2220 viri
1781 2160 1954 2239 hujus
1994 2167 2316 2231 enumeret,
2344 2158 2475 2238 quis

254 2255 419 2315 illam
450 2254 685 2314 unicam
715 2254 951 2314 abunde
980 2256 1318 2327 laudaverit,
1347 2276 1467 2335 qua
1496 2274 1700 2317 omnes
1722 2257 1864 2317 vicit
1892 2257 2205 2336 principes,
2225 2256 2479 2315 clemen·

256 2352 441 2412 tium!
529 2350 651 2411 Sed
698 2351 840 2430 quid
871 2363 1067 2431 agant,
1113 2373 1306 2432 quove
1335 2354 1650 2415 ae'vertant
1681 2355 1963 2426 homines,
1993 2353 2215 2432 ubique
2243 2352 2478 2432 pericu-

257 2448 405 2521 lum,
426 2450 569 2511 nibil
599 2460 828 2512 tntum:
875 2451 1224 2512 verissimum
1256 2451 1397 2513 illud
1426 2447 1724 2512 Liricumt
1770 2458 1788 2485 ‘
1818 2450 1978 2521 Quid
2020 2452 2266 2531 quisque
2312 2450 2476 2522 vitet,

256 2567 563 2626 nunquam
605 2549 826 2608 homini
849 2550 991 2609 satis
1021 2561 1258 2610 cautum
1289 2561 1380 2610 est
1407 2550 1464 2609 in
1495 2550 1666 2609 horas
1687 2554 1723 2609 τ’
1748 2550 1923 2609 exilio
1964 2558 2219 2608 cesserat
2247 2546 2477 2607 Africa-

256 2665 369 2705 nus
399 2643 659 2706 invidiae.
742 2648 945 2706 Caesar
991 2648 1289 2708 beneficiis
1330 2648 1683 2707 obstiterat:
1729 2646 1912 2706 tutius
1959 2645 2104 2705 illud
2155 2644 2475 2724 apparuit:

262 2761 383 2804 nem
415 2743 773 2802 verissimam
803 2744 924 2802 sed·
955 2745 1275 2804 mirabilem
1303 2755 1363 2804 et
1392 2744 1688 2824 indiguam
1717 2744 1911 2803 dicam
1941 2741 2203 2801 delicatis
2226 2740 2431 2800 animis
2456 2763 2474 2803 :

264 2842 392 2920 ipen
422 2840 1022 2920 beneticentiagravis
1055 2851 1201 2912 erat,
1228 2854 1287 2903 et
1317 2863 1498 2903 unum
1529 2842 1725 2902 omnia
1755 2860 1932 2922 posse
1963 2839 2162 2900 multis
2186 2839 2344 2911 utile,
2374 2838 2476 2898 sed

263 2938 575 2997 molestum
605 2938 909 2997 omnibus:
956 2939 1092 2998 binc
1144 2939 1381 3000 invidiae
1409 2941 1803 3010 incrementa:
1849 2937 1992 3018 quid
2037 2937 2302 2998 facerent
2343 2955 2482 3016 rap-

266 3034 377 3094 tori
421 3034 633 3112 impio,
663 3035 762 3115 qui
805 3035 927 3115 pati
954 3036 1297 3096 clementem
1341 3037 1665 3116 principem
1714 3045 1777 3097 et
1821 3034 2162 3096 munificum
2205 3033 2483 3113 nequive-

266 3132 444 3192 runt‘l
530 3131 704 3193 Unde
758 3134 952 3194 hercle
998 3153 1255 3194 amorem
1296 3135 1558 3194 omnium
1617 3134 1972 3204 merebatur,
2029 3130 2166 3192 inde
2214 3132 2475 3191 omnium

258 3229 454 3289 ferme
481 3229 641 3301 odia,
671 3239 731 3289 et
758 3248 1081 3309 paucorum
1111 3230 1364 3303 insidias,
1386 3243 1447 3291 et
1472 3231 1547 3289 ad
1581 3231 1849 3290 ultimum
1893 3248 2133 3289 causam
2167 3227 2366 3288 mortis
2395 3228 2479 3287 in-

268 3328 426 3388 venit
449 3348 468 3387 ι
504 3327 581 3386 de
629 3346 747 3407 qua
795 3326 848 3387 iu
899 3338 1161 3388 extremo
1199 3329 1411 3399 dicam,
1436 3350 1508 3389 eo
1539 3328 1699 3408 quod
1748 3337 2040 3388 extremus
2088 3327 2476 3384 humanorum

269 3436 512 3485 actuum
543 3424 616 3483 sit
645 3424 826 3484 mori:
871 3436 1004 3483 ante
1035 3433 1225 3484 tamen
1256 3426 1330 3485 de
1359 3426 1718 3503 quibusdam
1749 3445 1883 3504 quae
1911 3422 1986 3483 ad
2018 3421 2282 3501 corporis
2314 3421 2482 3480 habi-

271 3533 392 3581 tum
425 3520 793 3600 formamque
837 3531 899 3580 et
934 3521 1226 3598 ingenium
1256 3533 1314 3581 et
1343 3522 1737 3600 eloquentiam
1767 3534 1827 3580 et
1856 3539 2066 3589 mores,
2090 3517 2475 3578 domesticam

271 3620 372 3680 viri
402 3619 584 3679 vitam
627 3619 894 3688 attinent,
922 3618 1324 3695 attingendum
1358 3629 1527 3697 puto,
1558 3615 1882 3676 secundum
1913 3614 2071 3693 quod
2111 3633 2146 3672 a
2187 3614 2483 3692 praeclaris

272 3720 616 3779 auctoribus
635 3717 879 3796 sparsim
912 3715 1123 3776 tradita
1151 3718 1382 3789 elicere,
1411 3715 1590 3796 [259]
1608 3726 1667 3775 et
1688 3716 1745 3774 in
1779 3733 1953 3775 unum
1986 3713 2183 3773 studio
2211 3713 2484 3794 colligere

273 3817 543 3877 clabitur:
590 3833 707 3873 non
735 3813 974 3892 quidem
1002 3814 1211 3883 omnia,
1243 3833 1353 3874 nec
1381 3822 1637 3891 oportet,
1667 3811 1772 3873 sed
1803 3832 1936 3892 quae
1968 3812 2055 3870 vel
2093 3810 2254 3871 utilia
2282 3813 2482 3891 cogni-

278 3924 341 3975 tu
367 3914 463 3973 vel
489 3909 865 3972 delectabilia
894 3909 1266 3970 videbuntur.
1350 3911 1616 3989 Corpore
1646 3909 1885 3989 quidem
1928 3909 2080 3969 altus
2123 3908 2253 3977 fuit,
2282 3907 2484 3968 candi·

279 4010 407 4083 dus,
432 4018 610 4081 teres,
640 4007 1020 4068 maximarum
1048 4007 1285 4079 viriumg
1330 4008 1538 4086 peritia
1581 4012 1663 4067 rei
1693 4006 1952 4067 militaris
1976 4005 2208 4076 eximia,
2238 4003 2484 4064 incredi-

338 4225 407 4274 88
424 4223 587 4297 tage,
608 4218 804 4270 exterio.
806 4223 935 4270 -ω
952 4220 1133 4284 Forte,
1144 4220 1346 4270 maiani
1357 4221 1574 4271 (roden.
1577 4223 1706 4269 —64
1731 4219 1893 4283 Lege,
1902 4217 2163 4278 suggestus.
2164 4216 2290 4262 -06
2312 4211 2484 4276 Adde,

281 4309 479 4356 «ce-6⁶
516 4303 679 4368 Lege,
689 4299 867 4361 fuel-it.
869 4305 996 4352 -67
1032 4301 1538 4367 Lege,m-3w·.-oa
1569 4301 1727 4364 Lege,
1747 4299 1870 4348 unde
1901 4296 2009 4346 illa.
