3017 4925
910 393 1010 445 nn
1053 390 1236 442 vrrA
1280 390 1487 441 sunu
1535 381 1890 440 casinus.
2326 372 2506 442 1795

305 547 583 618 alienaret
607 545 813 609 victus
836 545 1016 607 amici
1039 545 1315 626 lacrymis
1362 546 1582 616 Caesar,
1607 551 1844 624 arrepta
1881 543 2016 623 ejus
2053 539 2298 604 dextera
2320 540 2501 621 trepi-

303 647 435 706 dum
478 653 881 724 mustumque
932 644 1246 703 consolans
1292 643 1711 720 Dumnorigem
1753 640 2032 703 arcessit:
2095 649 2157 700 et
2215 646 2502 720 prasente

301 742 466 802 fratre
490 741 657 820 quod
674 743 889 821 egerit,
915 740 1077 818 quod
1110 740 1343 799 molitus
1372 739 1465 809 sit,
1512 735 1754 798 “omnis
1799 749 2045 799 conatus
2065 739 2193 815 ejus
2221 759 2283 798 se
2319 749 2504 817 posse

302 838 635 916 profitetur:
680 838 904 899 indicia
930 838 1192 915 exponit,
1238 836 1430 895 scelus
1457 845 1757 916 aggravat,
1799 834 2103 915 perfidiam
2146 835 2499 895 detestetur:

304 935 430 1013 quid
458 935 554 996 ille
571 935 651 995 sit
672 935 953 995 meritus:
981 933 1120 1012 quid
1144 931 1366 1011 ipse.de
1394 932 1493 992 illo
1513 933 1574 994 in
1591 934 1785 992 animo
1806 932 2062 997 ⁸⁷habet‚
2083 933 2234 992 clare
2255 933 2498 993 edocet:

305 1030 373 1089 ad
398 1040 764 1109 postremum
807 1031 1005 1090 omnia
1033 1049 1095 1089 se
1121 1049 1238 1088 uon
1267 1029 1395 1100 sibi,
1409 1028 1513 1089 sed
1543 1048 1819 1108 germano
1846 1029 1978 1106 ejus
2007 1031 2327 1090 remisisse:
2370 1030 2506 1091 hor·-

304 1127 495 1188 tarint
533 1128 824 1206 deinceps
866 1148 924 1186 se
964 1146 1079 1186 non
1127 1126 1305 1205 culpa
1350 1136 1599 1198 tantum,
1629 1127 1731 1186 sed
1774 1128 2211 1207 suspicionibus
2249 1129 2502 1189 liberum

301 1236 692 1302 preservaret.
779 1225 882 1286 Sic
901 1224 1259 1285 admonitum
1290 1223 1590 1285 submissis
1630 1224 1831 1295 tacite,
1860 1227 1965 1304 qui
1992 1245 2193 1286 omnes
2216 1225 2320 1285 viri
2346 1245 2505 1305 gres·

302 1339 405 1392 sus,
433 1331 495 1382 et
541 1342 665 1383 non
710 1323 890 1384 modo
922 1332 1094 1382 actus
1123 1322 1224 1382 sed
1258 1321 1440 1382 verba
1478 1323 1594 1382 ⁸⁸et
1622 1321 1800 1382 etiam
1834 1323 2234 1393 observarent,
2265 1322 2503 1383 dimisit.

302 1418 414 1477 Sub
454 1418 589 1480 baec
618 1419 927 1480 nuntiatur
968 1418 1167 1478 hostes
1193 1418 1269 1478 ad
1314 1417 1569 1479 radicem
1611 1419 1858 1497 proximi
1906 1421 2117 1480 montis
2159 1430 2300 1479 octo
2345 1420 2508 1480 milia

300 1533 569 1591 passuum
597 1535 638 1576 a
670 1516 958 1576 Romanis
985 1516 1191 1576 castris
1225 1517 1449 1576 abesse.
1533 1517 1734 1576 Caeser
1778 1518 2117 1596 praemissis,
2147 1517 2249 1596 qui
2289 1516 2504 1576 montis

301 1612 514 1673 aditum
539 1614 942 1693 explorarent,
964 1614 1067 1674 ubi
1093 1613 1325 1675 facilem
1345 1614 1598 1693 accepit,
1628 1615 1833 1675 Titum
1857 1615 2179 1676 Labienum
2223 1632 2401 1675 unum
2429 1631 2504 1674 ex

304 1708 544 1772 ducibus
571 1710 702 1770 suis
730 1729 866 1790 cum
892 1720 1061 1788 parte
1096 1712 1396 1788 copiarum
1425 1722 1608 1771 noctu
1651 1712 1859 1774 castris
1904 1712 2139 1783 emittit,
2186 1722 2247 1773 et
2291 1711 2506 1771 montis

305 1808 573 1869 verticem
591 1827 899 1886 occupare
908 1808 1109 1884 jubet,
1137 1827 1246 1868 nec
1276 1809 1438 1887 prius
1467 1809 1826 1870 descendere
1853 1829 2032 1889 quam
2059 1809 2185 1889 ipse
2212 1810 2270 1868 in
2306 1808 2508 1869 hostes

306 1903 576 1982 impetum
610 1904 892 1966 fecisset:
923 1915 1093 1983 paret
1121 1905 1235 1977 ille,
1263 1917 1322 1966 ct
1350 1926 1486 1966 cum
1505 1906 1634 1983 jam
1668 1925 1893 1967 summa
1914 1906 2338 1986 prehendisset,
2369 1907 2505 1966 Cae·

308 2018 504 2080 satque
548 2001 685 2081 ipse
723 2001 901 2081 paulo
938 2009 1073 2081 post
1128 2013 1363 2063 secutus
1410 2024 1530 2064 non
1583 2006 1694 2063 nisi
1739 2004 1894 2064 mille
1921 2005 2270 2083 quingentos
2299 2021 2512 2082 passus

307 2094 529 2158 distaret
558 2099 644 2157 ab
675 2096 962 2169 hostibus,
992 2117 1103 2158 nec
1145 2099 1225 2159 ab
1264 2100 1395 2171 illis,
1422 2111 1528 2160 aut
1567 2099 1642 2161 de
1690 2103 1920 2163 Caesare
1959 2111 2063 2162 aut
2109 2102 2185 2162 de
2221 2099 2507 2172 Labieno,

308 2193 447 2254 sicut
474 2203 692 2274 postea
716 2215 791 2254 ex
831 2195 1078 2274 captivis
1105 2198 1403 2276 cognitum
1422 2198 1680 2276 est,[28]
1709 2199 1922 2259 ⁸⁹aliud
1942 2199 2273 2270 sentiretur,
2301 2197 2514 2259 Consi·

309 2289 432 2351 dius
447 2291 788 2370 praemissus
805 2312 843 2351 a
858 2294 1111 2365 Caesare,
1123 2295 1210 2355 vir
1231 2296 1332 2373 qui
1352 2296 1529 2375 longo
1555 2296 1836 2356 bellorum
1856 2316 1966 2357 usu
1981 2296 2064 2355 rei
2086 2295 2346 2355 militaris
2364 2293 2515 2353 doc-

308 2388 553 2450 tissimus
594 2390 963 2462 credebatur,
994 2400 1060 2451 ut
1088 2392 1192 2472 qui
1222 2392 1324 2452 diu
1350 2393 1461 2452 sub
1492 2393 1703 2456 Marco
1753 2393 1986 2464 Crasso,
2016 2402 2077 2453 et
2121 2391 2305 2452 Lucio
2348 2390 2516 2452 Sulla

308 2485 632 2560 militasset,
662 2490 867 2550 mirum
897 2510 1015 2569 qua
1043 2492 1514 2553 consternatione
1543 2491 1738 2562 animi,
1758 2511 1953 2569 quove
1989 2510 2183 2551 errore
2217 2493 2512 2551 Romanos

307 2585 688 2647 ascendentes
717 2587 923 2664 procul
952 2588 1250 2666 aspiciens,
1282 2589 1477 2648 hostes
1515 2596 1695 2658 ratus,
1719 2606 1878 2666 equo
1923 2586 2251 2647 calcaribus
2293 2586 2516 2646 adacto

309 2701 600 2761 regressus
628 2684 706 2744 ad
738 2687 1043 2757 Caesarem,
1073 2687 1378 2747 Helvetios
1407 2695 1668 2746 montem
1711 2702 2157 2764 praeoccupasse
2186 2682 2513 2745 denuntiat.

311 2778 584 2841 Substitit
610 2781 839 2841 Caesar:
882 2782 1005 2861 ipse
1031 2783 1205 2845 etiam
1255 2782 1552 2843 Labienus
1581 2782 1833 2842 Caesarei
1870 2801 1985 2840 non
2030 2780 2336 2840 immemor
2361 2799 2515 2861 prae-

315 2877 466 2956 cepti
488 2898 555 2938 se
581 2877 890 2940 continuit.
973 2880 1067 2941 Sic
1095 2900 1249 2941 vano
1275 2880 1501 2950 nuntio,
1534 2898 1700 2939 mane
1731 2880 1834 2939 illo
1861 2879 1944 2939 rei
1986 2878 2232 2956 ingentis
2273 2877 2516 2939 occasio

312 2973 689 3051 praetermissa
714 2986 837 3036 est:
865 2975 943 3036 ad
960 2978 1213 3037 multum
1241 2976 1375 3048 diei,
1406 2996 1542 3036 cum
1571 2976 1840 3056 digressis
1862 2975 2130 3037 hostibus
2155 2995 2218 3034 se
2246 2975 2516 3036 delusum

316 3068 507 3131 Cesar
531 3070 899 3151 intelligeret,
925 3092 1088 3133 more
1116 3073 1292 3132 solito
1317 3073 1616 3134 insecutus
1656 3071 1813 3133 baud
1838 3071 2048 3151 procul
2075 3072 2153 3132 ab
2195 3071 2279 3131 eis
2322 3083 2518 3133 castra

314 3168 821 3237 metatusinsedit.
903 3170 1016 3231 Die
1042 3178 1240 3231 autem
1280 3171 1450 3231 tertia
1476 3190 1614 3230 cum
1641 3171 1840 3230 Caesar
1864 3170 2066 3248 inopia
2091 3168 2388 3241 frumenti,
2419 3170 2519 3229 cui

316 3265 676 3344 praecipuam
693 3250 930 3327 causam
963 3266 1378 3346 Domnorigem
1401 3266 1638 3327 dedisse
1665 3266 1999 3338 constabat,
2030 3266 2110 3325 ab
2151 3267 2518 3345 insequendo

318 3359 588 3425 desistens
640 3362 923 3423 aliorsum
970 3371 1274 3442 pergerem
1340 3362 1617 3434 Helvetii,
1673 3381 1775 3422 seu
1814 3361 2188 3440 ⁹‘’pridicinae
2230 3381 2518 3422 memores

319 3455 779 3540 ”tarditatisque
819 3460 1068 3523 Romani
1108 3479 1187 3520 ne
1225 3459 1300 3520 de
1345 3460 1659 3520 altioribus
1698 3458 1941 3538 quidem
1968 3456 2113 3517 locis
2148 3477 2211 3516 se
2238 3456 2518 3519 invadere

319 3553 555 3617 fuissent
574 3557 721 3628 ausi,
748 3558 910 3635 quod
936 3576 1128 3616 errore
1156 3556 1497 3636 contigerat,
1529 3565 1690 3616 metu
1719 3556 1961 3626 factum,
1992 3555 2329 3634 eodemque
2356 3575 2515 3617 nunc

322 3668 529 3733 pugnae
556 3664 718 3714 metu
746 3653 1055 3715 discedere
1074 3653 1202 3713 illos
1222 3653 1371 3725 rati3
1418 3673 1525 3712 seu
1565 3652 1619 3687 ⁹²
1630 3650 1985 3711 frumentum
2009 3651 2518 3732 ituros-aversurig

322 3751 535 3829 magnis
563 3749 858 3829 gressibus
883 3751 1289 3829 insequuntur.
1370 3749 1550 3819 Quod
1601 3749 1707 3810 ubi
1752 3750 1953 3811 Caesar
1986 3747 2248 3827 agnovit,
2276 3750 2336 3808 in
2381 3749 2523 3813 vici·

320 3863 450 3907 num
492 3846 707 3907 collem
754 3865 961 3908 omues
1016 3847 1220 3927 copias
1265 3848 1640 3927 sarcinasque
1693 3866 1897 3907 omnes
1945 3845 2277 3907 contrahit:
2320 3848 2405 3906 sic
2454 3857 2522 3909 ut

322 3950 472 4004 totus
499 3943 677 4005 collis
705 3963 743 4003 a
788 3962 1017 4005 summo
1044 3946 1121 4009 ad
1165 3944 1353 4005 imum
1382 3945 1807 4025 impedimentis
1832 3953 1893 4005 et
1921 3943 2252 4005 bominibus
2294 3953 2522 4020 tegere-

378 4088 443 4138 86
474 4084 652 4152 Forte,
669 4102 827 4137 mnes
855 4093 1045 4140 mat-s
1065 4088 1165 4152 <jes
1193 4104 1245 4141 se
1278 4095 1562 4142 meree-8⁷
1599 4090 1760 4156 Lege,
1788 4089 2103 4141 habeon-ss
2136 4086 2296 4151 Lege,
2331 4084 2519 4150 eju.—

316 4171 383 4220 ffl
411 4168 571 4234 Lege,
592 4169 1255 4234 &munimina—9⁰
1288 4174 1467 4236 Forte,
1486 4171 1869 4238 minime-91
1901 4171 2065 4236 Lege,
2084 4166 2352 4233 efflato,
2382 4167 2523 4235 quod·

320 4250 443 4305 -92
471 4248 1027 4317 Fortem-mentatum,
1050 4252 1451 4318 auth-umentem
1472 4254 1725 4322 petitum.
