3017 4925
520 377 698 449 2000
1262 392 1572 444 sosnrm
1623 392 2025 445 sosmonm

535 543 1008 611 Constantinus
1039 539 1333 626 Magnus
1375 539 1690 606 institutis
1722 544 2007 625 quatuor
2030 537 2370 625 praefectis
2407 541 2747 627 praetorio,

526 648 791 714 duobus
849 648 922 714 in
979 645 1269 725 Oriente,
1328 644 1602 711 totidem
1650 645 1724 737 ‘in
1774 641 2160 721 Occidente,
2213 643 2489 709 alterum
2547 643 2751 713 Occi-

529 752 742 818 dentis
770 752 838 816 in
878 751 1042 816 urbe
1073 748 1319 828 Roma,
1350 750 1626 814 alterum
1655 749 1724 812 in
1751 748 1912 811 urbe
1940 746 2334 812 'treverensi
2365 747 2753 826 collocavit,

411 854 422 865 “
528 859 644 940 qui
689 855 1047 942 praefectus
1093 855 1409 939 praetorio
1455 851 1830 919 Galliarum
1881 861 2160 920 vocatus
2214 853 2367 921 fuit.
2455 855 2547 920 Et
2591 856 2754 941 quia

525 981 648 1048 per
676 959 1152 1044 occupationes
1198 955 1469 1041 Imperii
1518 959 1589 1022 in
1627 959 1760 1023 illis
1807 958 2085 1024 urbibus
2134 964 2458 1043 perpetuo
2499 957 2753 1024 haerere

526 1064 663 1131 illis
693 1082 826 1128 non
855 1062 1125 1140 licebat,
1156 1061 1391 1126 vicarii
1422 1061 1678 1146 aliquot
1705 1062 1807 1126 eis
1838 1062 2133 1127 attributi
2166 1066 2341 1139 sunt,
2372 1061 2489 1145 qui
2517 1060 2752 1126 eadem

530 1171 857 1252 potestate
886 1163 1247 1249 provinciis
1267 1163 1385 1247 jus
1428 1162 1792 1228 redderent.
1861 1160 2193 1229 Praefecto
2218 1164 2420 1246 igitur
2448 1162 2753 1246 praetorii

528 1269 900 1335 Galliarum
958 1274 1091 1333 tres
1145 1267 1383 1333 vicarii
1424 1267 1586 1332 dati.
1674 1266 1902 1331 Primo
1950 1265 2149 1331 sedes
2197 1267 2358 1330 data
2410 1264 2753 1344 Treveris,

527 1371 817 1438 secundo
848 1369 1182 1453 Lugduni,
1209 1369 1403 1434 tertio
1430 1368 1741 1434 Viennae.
1829 1366 2069 1451 Itaque
2098 1375 2174 1434 ut
2203 1354 2435 1433 horum
2463 1369 2753 1436 vicario·

525 1496 671 1541 rum
712 1493 954 1557 magna
997 1478 1143 1538 erat
1184 1474 1564 1551 auctoritaS,
1609 1472 1704 1537 ita
1744 1471 2007 1536 urbium
2054 1491 2342 1556 quoque,
2388 1471 2457 1535 in
2500 1473 2752 1557 quibus

529 1579 754 1644 sedem
777 1577 1136 1656 habebant,
1164 1575 1460 1640 maxima
1486 1574 1780 1638 claritaS.
1868 1570 2257 1637 Treverensi
2283 1572 2537 1638 vicario
2560 1594 2754 1658 pare-

526 1683 694 1747 bant
734 1680 970 1765 primae
1027 1684 1096 1743 et
1132 1677 1450 1765 secundae
1481 1676 1847 1742 Germania
1888 1681 1957 1740 et
1984 1675 2282 1758 Belgica,
2313 1682 2378 1740 et
2416 1680 2559 1743 tota
2601 1677 2755 1741 Bri-

527 1783 754 1850 tannia
785 1780 1028 1847 insula.
1117 1778 1570 1863 Lugdunensi,
1600 1783 1880 1862 quatuor
1906 1777 2403 1861 Lugdunenses,
2428 1797 2585 1843 cum
2610 1799 2753 1845 ma·

525 1884 717 1949 xima
743 1884 1229 1966 Sequanorum.
1271 1879 1633 1946 Viennensi
1662 1880 1895 1963 primae
1920 1884 1987 1943 et
2014 1879 2323 1946 secundae
2359 1878 2755 1945 Narbonen-

531 1985 628 2051 sis
676 1989 744 2048 et
770 1982 1158 2067 Aquitania,
1225 1978 1442 2064 Alpes
1489 1980 1720 2046 Graiae
1766 1987 1834 2046 et
1881 1980 2210 2059 Poeninae,
2246 1980 2457 2066 Alpes
2497 1984 2756 2048 mariti·

528 2107 685 2164 mae,
715 2084 1372 2170 Novempopulania.
1460 2082 1707 2148 Totum
1751 2083 1903 2163 hoc,
1932 2084 2111 2168 quod
2148 2086 2346 2150 unius
2384 2086 2624 2151 vicarii
2643 2089 2754 2172 ju-

530 2191 900 2257 risdictioni
944 2187 1273 2272 subjacet,
1326 2186 1551 2252 Latini
1596 2187 1936 2272 quomodo
1975 2188 2395 2271 designarint,
2441 2208 2577 2254 non
2618 2209 2755 2255 me-

528 2294 728 2358 mini:
775 2290 894 2357 sed
926 2290 1153 2356 Graeci
1194 2288 1500 2377 ἰξαςχίαν,
1532 2288 1819 2367 διοίκησιν,
1859 2291 2104 2376 πατριὰν
2146 2297 2412 2357 vocant.
2479 2291 2754 2376 Regno-

530 2416 675 2462 rum
705 2396 887 2461 vices
916 2393 1127 2459 multa
1153 2392 1224 2457 in
1251 2392 1378 2456 hac
1405 2391 1733 2457 divisione
1754 2392 2200 2472 immutarunt,
2233 2393 2353 2458 sed
2380 2398 2601 2459 status
2624 2394 2753 2461 Ec-

531 2501 945 2566 clesiasticus
975 2503 1113 2562 tam
1140 2497 1207 2561 in
1237 2494 1509 2562 Oriente
1550 2512 1750 2578 quam
1792 2495 1859 2557 in
1910 2493 2275 2560 Occidente
2321 2494 2469 2580 ejus
2496 2496 2754 2581 integra

530 2602 813 2684 vestigia
854 2600 1175 2665 hactenus
1217 2597 1502 2662 retinuit.
1592 2595 1772 2662 Nam
1819 2598 2144 2676 civitateS,
2176 2618 2329 2681 quae
2375 2596 2753 2665 Provinciis

532 2705 806 2769 nomina
833 2701 1149 2780 fecerunt,
1179 2697 1548 2785 μητροπόλεις
1586 2704 1866 2764 vocant:
1914 2705 1979 2765 et
2005 2700 2063 2765 si
2094 2700 2161 2764 in
2196 2700 2307 2763 eis.
2333 2699 2533 2765 sedes
2560 2702 2755 2768 fuerit

531 2806 793 2883 vicarii,
843 2823 1044 2888 quem
1087 2800 1333 2888 ἔξαρχον
1374 2802 1723 2880 vocabant,
1759 2820 1878 2865 eas
1920 2820 2049 2865 non
2096 2802 2309 2866 solum
2362 2800 2751 2888 μητροπόλεις,

533 2907 650 2971 sed
701 2914 767 2972 et
818 2905 1097 2993 ἔξαςχίας
1145 2912 1213 2970 et
1254 2899 1646 2989 πατριαρχίας
1686 2909 1973 2968 vocant:
2034 2907 2102 2967 et
2155 2904 2481 2987 praesules
2528 2924 2750 2970 earum

535 3007 811 3094 ἐξάρχους
843 3010 940 3071 καὶ
962 3006 1368 3094 πατριάρχαςε
1412 3007 1708 3089 reliquos
1748 3003 2188 3094 μητροπολίτας,
2233 3004 2331 3067 καὶ
2374 3006 2749 3091 ἇρχιοπισκό·

532 3135 690 3191 κους,
720 3111 834 3195 qui
872 3112 997 3176 sub
1029 3131 1102 3176 se
1128 3117 1382 3176 tantum
1412 3106 1742 3185 ἐπισκόπους
1773 3110 2051 3174 habent:
2094 3127 2250 3173 nam
2278 3112 2327 3171 οἱ
2357 3106 2598 3195 ἔξαρχοι
2627 3111 2749 3175 sub

534 3232 610 3278 se
656 3217 900 3297 praeter
949 3212 1309 3297 episcopos
1349 3210 1770 3298 μητροπολίτας
1817 3212 2081 3290 habent,
2125 3213 2535 3297 μητροπολῖται
2594 3230 2751 3277 vero

533 3323 787 3381 tantum
814 3311 1162 3390 ἕπιόκόκους.
1252 3314 1329 3380 In
1374 3315 1681 3380 Ecclesia
1712 3315 1955 3381 Latina
1981 3311 2662 3399 Archiepiscoporum
2690 3318 2752 3379 et

532 3437 768 3484 nomen
797 3423 864 3483 et
877 3418 995 3505 jus
1029 3422 1273 3495 manet,
1321 3424 1388 3482 et
1405 3416 1783 3501 jurisdictio
1816 3416 2155 3482 Canonica
2192 3417 2261 3481 iu
2300 3434 2463 3481 suos
2488 3417 2749 3500 episco—

529 3537 659 3605 pos
687 3520 1154 3603 suffraganeos,
1182 3520 1301 3585 sed
1325 3517 1586 3607 ῠξάρχων
1605 3520 1785 3584 nulla
1810 3519 2095 3603 vestigia
2122 3523 2394 3583 extant:
2434 3518 2566 3581 nisi
2586 3517 2751 3584 forte

534 3622 844 3706 quaedam
873 3623 1109 3687 umbra
1137 3622 1286 3707 ejus
1314 3621 1537 3700 fuerit,
1576 3622 1756 3707 quod
1795 3621 2218 3706 metropolita
2246 3621 2390 3685 sive
2426 3619 2751 3704 archiepi-

534 3742 784 3806 scopus
814 3721 1200 3788 Viennensis
1229 3725 1579 3808 primatem
1606 3724 1964 3808 primatum
1994 3743 2144 3788 sese
2167 3728 2387 3789 vocat.
2456 3721 2552 3786 Eo
2576 3722 2746 3786 enim

533 3823 826 3891 ostendit
841 3824 967 3887 sub
993 3845 1066 3889 se
1090 3827 1406 3909 primates
1435 3827 1772 3904 habuisse,
1795 3827 1911 3911 qui
1940 3827 2064 3890 sub
2092 3845 2176 3890 eo
2203 3828 2446 3902 essent,
2481 3823 2747 3889 Narbo—

532 3945 800 3990 nensem
828 3926 1182 4010 primatem
1212 3928 1619 4023 Provinciae,
1650 3930 2130 3994 Bituricensem
2157 3928 2505 4013 primatem
2538 3924 2749 4010 Aqui·

531 4029 758 4095 taniae.
845 4026 1060 4093 Aliter
1089 4029 1420 4124 quomodo
1449 4037 1569 4095 aut
1590 4050 1723 4114 quo
1741 4032 1893 4116 jure
1914 4033 2163 4115 primas
2183 4030 2541 4113 primatum
2571 4030 2747 4094 dice-

531 4139 726 4208 retur,
787 4131 916 4195 nisi
959 4133 1213 4195 ratione
1261 4131 1636 4196 dioeceseos
1680 4132 1936 4198 Vicarii
1980 4132 2387 4196 Viennensis
2442 4130 2745 4215 praefecti

531 4235 867 4317 praetorio,
894 4234 1009 4319 qui
1051 4239 1303 4318 septem
1344 4234 1731 4320 provincias
1774 4235 1901 4300 sub
1944 4255 2021 4304 se
2062 4234 2372 4313 habebat,
2411 4234 2480 4298 in
2507 4234 2743 4318 quibus
