3017 4925
568 451 743 519 1820
1213 466 1270 513 s.
1317 461 1532 512 cnnsl
1577 461 2110 511 nonnam-Anu

570 612 771 673 Casu
795 617 963 688 parte
989 607 1278 669 exercitus
1305 606 1652 686 privaretur:
1683 603 1760 665 de
1789 624 1911 683 quo
1940 604 2140 663 Caesar
2167 604 2289 683 ipse
2317 602 2500 664 multa
2529 600 2776 663 audiens

568 707 650 767 nil
676 705 977 776 credebat,
1027 704 1419 764 constantiam
1449 702 1702 762 alienam
1752 720 1858 761 sna
1909 701 2150 761 metiens
2197 700 2557 760 constantia:
2602 698 2775 776 eujus
2818 692 2823 699 '

566 803 791 863 sactum
819 823 930 883 pro
961 802 1238 862 varietate
1266 798 1636 859 ssententiam
1665 810 1724 857 et
1751 817 2031 858 excusare
2061 797 2198 857 licet
2228 807 2289 857 et
2331 794 2776 877 reprehendere.

564 899 720 959 Nam
749 900 797 959 si
845 903 1046 961 Caesar
1092 900 1307 976 injuste
1355 905 1564 956 contra
1609 895 1852 975 patriam
1894 914 2057 955 arma
2085 895 2368 965 vertebat,
2390 894 2558 972 juste
2585 893 2775 953 deseri

568 996 786 1074 potuit,
816 1006 875 1056 et
903 996 1240 1076 reipublicae
1281 994 1538 1055 ebaritas
1582 993 1826 1072 privatis
1874 992 2186 1053 affectibus
2230 990 2526 1071 anteponi.
2614 989 2776 1050 Alio-

565 1094 707 1172 quin
734 1094 943 1173 ingrati
970 1093 1212 1154 infamia
1238 1111 1357 1151 non
1393 1090 1637 1162 carebit,
1670 1090 1771 1169 qui
1798 1101 1919 1149 tam
1949 1109 2088 1149 caro
2114 1087 2257 1148 duci
2284 1088 2463 1147 alium
2493 1085 2774 1166 praetule·

565 1190 662 1262 rit,
685 1192 860 1270 eique
888 1191 1012 1251 sine
1039 1210 1219 1251 cansa
1266 1188 1585 1248 acerrimus
1632 1188 1814 1247 hostis
1842 1186 2109 1245 eraserit.
2195 1187 2269 1245 Et
2299 1183 2573 1263 profecto
2601 1183 2651 1243 si
2682 1183 2771 1242 in-

563 1285 860 1365 gratitudo
888 1286 1019 1360 suit,
1048 1297 1137 1347 sat
1186 1284 1367 1364 digno
1394 1283 1690 1363 supplicio
1734 1283 1937 1362 punita
1964 1282 2093 1353 fuit,
2139 1292 2204 1341 ut
2247 1281 2351 1359 qui
2392 1281 2507 1341 sub
2536 1280 2773 1340 Caesare

566 1364 1210 1443 victoriosissimus—vir
1252 1382 1473 1450 suisset,
1522 1381 1634 1440 sub
1677 1380 1965 1458 Pompejo
2009 1378 2411 1458 fugacissimus
2448 1376 2643 1437 sactus
2672 1377 2771 1446 sit,

563 1488 787 1540 mutata
815 1500 952 1540 cum
982 1465 1166 1552 duce}
1187 1499 1301 1539 non
1330 1477 1564 1538 fortuna
1591 1486 1820 1538 tantum
1848 1475 2118 1546 hominis,
2163 1474 2267 1535 sed
2318 1475 2559 1536 virtute:
2604 1473 2768 1552 quod

558 1576 620 1636 in
648 1596 782 1637 eum
810 1577 1131 1656 aliquando
1157 1578 1355 1637 Caesar
1395 1575 1743 1635 mordaciter
1790 1572 2204 1654 exprobrando
2250 1572 2468 1632 dixisse
2497 1570 2769 1632 traditur.

562 1674 712 1733 Sane
740 1674 991 1755 qualiter
1014 1683 1116 1733 aut
1145 1672 1384 1753 quaudo
1430 1672 1770 1733 discesserit
1814 1669 2025 1750 ⁶seque
2068 1669 2404 1731 vocantium
2434 1668 2769 1729 hortatibus

559 1769 864 1846 nequierit,
894 1787 1011 1828 non
1041 1769 1303 1839 invenio·
1350 1769 1455 1828 nisi
1499 1770 1660 1848 quod
1709 1768 1861 1828 libro
1889 1786 1993 1829 v11
2037 1768 2431 1847 Epistolarnm
2462 1764 2767 1827 Ciceronis

559 1864 636 1924 ad
667 1865 965 1939 Atticum;
1010 1886 1084 1926 eo
1110 1877 1392 1945 tempore,
1434 1885 1557 1944 quo
1597 1866 1727 1925 baec
1778 1865 1835 1925 in
1864 1864 2169 1974 republica
2198 1861 2438 1934 fiebant,
2469 1864 2552 1922 ita
2580 1863 2769 1941 scrip·

560 1973 682 2022 tum
711 1972 835 2022 est·
881 1962 1208 2023 ‘Labienus
1236 1961 1512 2023 discessit
1537 1981 1574 2022 a
1604 1963 1885 2024 Caesare?
1910 1972 1985 2043 ,0²
2015 1961 2071 2021 in
2101 1961 2214 2022 alia
2243 1961 2442 2022 statim
2470 1960 2767 2039 Epistola·

558 2062 922 2124 ‘Labienum
951 2063 1029 2124 ab
1052 2085 1124 2124 eo
1151 2062 1488 2123 discessisse
1516 2034 1949 2142 propemodum
1979 2064 2255 2122 constat!
2310 2063 2390 2121 Et
2415 2069 2548 2140 post
2573 2079 2769 2139 pauca

556 2157 632 2220 de
672 2159 884 2220 eodem
932 2159 1224 2239 simulque
1273 2159 1349 2219 de
1391 2160 1623 2220 Caesare
1666 2160 1942 2239 loquens:
1988 2158 2295 2228 ‘facinus,'
2342 2156 2621 2235 inquit‚‘
2643 2176 2765 2236 quo

546 2254 674 2332 jam
702 2254 805 2315 diu
850 2257 1076 2316 nullum
1122 2256 1290 2317 civile
1320 2238 1687 2335 praeclarius:
1733 2255 1834 2336 qui
1886 2264 1950 2316 ut
1997 2254 2153 2316 aliud
2205 2254 2372 2326 nibil,
2423 2255 2539 2314 boc
2567 2261 2764 2313 tamen

555 2354 834 2432 profecit:
877 2355 1045 2417 dedit
1071 2355 1151 2416 illi
1180 2355 1476 2417 dolorem:
1524 2355 1627 2417 sed
1658 2356 1835 2418 etiam
1878 2357 1952 2416 ad
1984 2376 2268 2417 summam
2298 2354 2631 2436 profectum
2658 2350 2769 2413 ali·

556 2451 698 2532 quid
725 2457 920 2533 puto:'
949 2474 1056 2515 uec
1085 2453 1256 2541 longe
1285 2465 1449 2533 post:
1496 2465 1514 2490 ‘
1533 2455 1862 2528 Labienus,'
1905 2454 2117 2535 inquit,
2163 2462 2180 2491 ⁸
2204 2454 2294 2517 vir
2320 2474 2451 2515 mea
2476 2446 2765 2514 sententia

553 2569 800 2632 magnus
823 2552 1139 2613 Theanum
1167 2553 1352 2614 venit:
1397 2555 1480 2615 ibi
1512 2554 1861 2633 Pompejum
1891 2553 2280 2632 consulesque
2308 2552 2616 2614 convenit:
2660 2547 2762 2628 qui

552 2667 745 2708 sermo
772 2647 966 2721 fuerit,
993 2659 1054 2710 et
1082 2650 1225 2729 quid
1265 2663 1464 2713 actum
1513 2651 1605 2723 sit,
1634 2652 1892 2713 scribam
1917 2652 1994 2712 ad
2026 2661 2086 2712 te
2113 2671 2248 2713 cum
2280 2659 2510 2711 certum
2540 2649 2764 2710 sciam.’

551 2746 629 2805 Et
657 2764 913 2807 rursum:
959 2747 1380 2826 ‘Aliquantum
1430 2747 1601 2807 nobis
1647 2748 1823 2809 animi
1862 2747 2090 2808 videtur
2136 2747 2393 2808 attulisse
2436 2746 2765 2806 Labienus!

554 2842 825 2922 Denique
872 2843 947 2902 de
992 2843 1279 2921 Pompejo
1325 2862 1532 2921 agens:
1579 2843 1982 2919 ‘Labienum‚'
2030 2843 2237 2924 inquit,
2283 2851 2527 2903 ‘secum
2560 2841 2759 2914 babet,

550 2958 669 2998 non
695 2938 1064 2999 dubitantem
1091 2938 1167 3000 de
1197 2938 1599 3000 imbecillitate
1628 2940 1877 3001 Caesaris
1903 2942 2241 3021 copiarum:
2284 2941 2342 3000 in
2368 2961 2491 3021 quo
2521 2937 2755 3019 quidem

551 3045 671 3094 tam
681 3034 755 3094 de
767 3035 1136 3114 indubitatoj
1145 3035 1339 3097 udicio
1352 3037 1526 3116 longe
1537 3045 1629 3114 (ut
1642 3038 1971 3113 resdocuit)
1981 3038 2327 3100 fallebatur:
2344 3036 2520 3117 [175]
2540 3036 2761 3106 Quam·

548 3132 634 3191 vis
662 3151 800 3192 vero
826 3132 1038 3193 modus
1065 3133 1408 3198 transeundi
1437 3154 1554 3195 non
1585 3136 1818 3214 penitus
1848 3140 2071 3198 ⁷motus
2094 3138 2190 3208 sit,
2220 3136 2365 3197 illud
2396 3134 2571 3214 plane
2601 3154 2760 3194 com·

547 3236 777 3308 pertum
802 3237 910 3302 est,
939 3230 1151 3290 durum
1179 3249 1285 3309 per
1326 3231 1441 3290 boc
1468 3252 1542 3291 ex
1570 3232 1764 3293 amico
1789 3233 2013 3294 hostem
2043 3233 2261 3294 Caesari
2290 3231 2623 3312 quaesitum,
2653 3232 2754 3292 sed

545 3326 874 3388 innoxium:
919 3327 1031 3387 sibi
1058 3340 1257 3388 autem
1287 3347 1657 3388 communem
1679 3328 1800 3389 sere
1822 3331 2092 3392 omnibus
2120 3329 2436 3408 transfugis
2456 3338 2761 3406 contemp·

545 3433 699 3484 tum:
744 3424 1035 3503 siquidem
1080 3424 1291 3485 Cicero
1331 3424 1459 3503 ipse
1504 3425 1607 3504 qni
1632 3444 1765 3485 eum
1796 3445 1900 3486 sua
1929 3426 2214 3488 sententia
2244 3445 2520 3505 maguum
2552 3425 2755 3485 ⁸nnuni

544 3521 789 3593 dixerat,
839 3522 1151 3583 confestim
1200 3522 1352 3582 libro
1394 3523 1702 3600 proximo:
1749 3532 1766 3557 ‘
1788 3524 1858 3585 ln
1905 3525 2205 3597 Labieno,'
2249 3523 2458 3604 inquit,
2505 3532 2522 3557 ‘
2551 3542 2753 3601 parum

543 3632 634 3680 est
660 3618 1006 3698 dignitatis?
1054 3620 1213 3681 unde
1241 3640 1276 3679 a
1303 3609 1599 3701 principio
1619 3621 1886 3682 arbitrari
1927 3642 1989 3681 se
2014 3624 2115 3692 ait,
2144 3622 2307 3682 illum
2330 3622 2459 3700 jam
2491 3629 2638 3682 tunc
2670 3620 2756 3679 sni

544 3715 849 3795 transfugii
878 3718 1191 3796 poenitere3
1238 3717 1401 3797 quod
1447 3718 1799 3797 Potnpejum
1830 3719 2055 3779 scilicet
2083 3729 2144 3779 et
2172 3717 2445 3780 consules
2488 3719 2755 3797 viresque

543 3832 746 3873 onmes
795 3813 1152 3893 reipublicae,
1211 3816 1355 3877 urbe
1402 3817 1653 3890 deserta,
1709 3835 1941 3895 sparsas
1998 3835 2105 3895 per
2156 3816 2408 3888 ltaliam,
2465 3814 2753 3895 longeque

542 3913 723 3972 alium
753 3929 941 3971 rerum
971 3923 1186 3972 statum
1218 3932 1394 3991 quam
1425 3926 1756 3992 speraverat
1785 3914 2118 3980 invenisset.
2176 3916 2505 3975 Commune
2535 3915 2749 3974 malum

545 4007 928 4082 instabilium,
973 4028 1046 4068 ac
1091 4028 1367 4085 vagarum
1416 4009 1725 4069 mentium.
1808 4011 2016 4072 Sciunt
2064 4012 2353 4083 homines,
2403 4030 2540 4089 quae
2587 4012 2753 4073 relin-

547 4117 739 4187 quunt
768 4107 964 4186 qualia
994 4105 1137 4166 sint:
1180 4116 1243 4166 at
1291 4126 1425 4186 quae
1473 4118 1685 4186 petunt
1731 4110 2022 4169 nesciunt:
2070 4110 2223 4170 unde
2272 4109 2358 4183 fit,
2391 4120 2456 4170 ut
2498 4129 2656 4190 saepe
2693 4130 2750 4169 se

628 4311 657 4353 5
692 4303 852 4369 Lege,
875 4304 1331 4357 sententiarum-o
1364 4306 1526 4371 Lege,
1548 4310 1802 4373 atqua—7
1839 4307 1999 4372 Lege,
2021 4309 2268 4358 nome—8
2292 4306 2471 4368 Forte,
2495 4303 2666 4354 cirum
