3017 4925
516 330 698 408 mn
1170 348 1232 406 ι.
1270 346 1495 408 nami
1543 349 2084 420 conmmanit

518 497 919 564 oblationem:
963 517 1153 579 neque
1198 499 1366 564 aliter
1403 522 1586 582 quam
1627 503 1688 566 in
1726 513 1965 583 partem
1992 503 2280 584 optimam
2323 502 2737 585 interpretatus

520 607 631 669 est,
659 596 739 657 ad
766 607 1019 660 mentem
1062 618 1125 658 se
1168 598 1456 659 saniorem
1504 599 1786 672 rediisse;
1827 597 1964 679 [36]
2005 601 2240 680 suisque
2286 609 2349 662 et
2386 601 2746 682 reipublicae„

522 693 824 762 beneficiis
848 695 1212 767 obstrictum,
1242 705 1633 775 coactumque
1659 697 1958 776 petitionis
1986 698 2285 776 aequitate,
2335 709 2548 760 cuncta
2587 699 2734 762 deli·

521 791 844 866 herentem,
874 804 1074 873 coepta
1099 792 1315 854 duritie
1342 794 1703 856 desiturum:
1749 795 2049 875 colloquio
2077 795 2205 856 dies
2234 795 2477 875 quintus
2512 797 2732 860 consti-

522 889 726 964 tuitur.
811 890 1024 951 oravit
1049 900 1240 951 tamen
1269 889 1590 962 Ariovistus
1615 911 1690 950 ne
1718 912 1868 971 quos
1899 912 2101 953 secum
2141 892 2371 972 pedites
2398 893 2599 956 Caesar
2625 894 2738 962 ad·

521 985 799 1048 duceret:
862 987 1125 1068 alioquin
1176 1006 1295 1047 non
1342 1006 1403 1046 se
1456 986 1534 1047 ad
1601 987 1753 1048 diem
1810 989 2095 1068 colloquii
2138 1000 2466 1061 venturum,
2524 990 2729 1051 timere

519 1083 673 1146 enim
726 1102 789 1142 se
841 1084 918 1144 ab
962 1083 1072 1144 illis
1123 1083 1381 1145 insidias.
1490 1083 1701 1144 Noluit
1783 1086 1984 1146 Caesar
2062 1087 2173 1145 hac
2224 1085 2307 1148 de
2357 1107 2538 1148 causa
2602 1108 2728 1150 rem

521 1201 702 1261 quam
756 1181 1006 1261 putabat
1054 1180 1256 1242 utilem
1308 1181 1614 1259 impediri:
1681 1182 1783 1242 sed
1845 1181 2138 1244 decimam
2204 1183 2514 1264 legionem,
2580 1172 2764 1246 dum‘

518 1278 598 1346 ad
627 1279 992 1359 colloquium
1030 1278 1159 1350 iret,
1211 1279 1525 1339 Gallorum
1573 1279 1675 1360 qui
1719 1280 1778 1340 in
1807 1281 2008 1341 castris
2037 1290 2207 1342 erant
2231 1282 2398 1360 equis
2426 1282 2728 1361 imposuit,

519 1383 588 1436 ut
610 1376 875 1456 equitum
903 1376 1093 1455 specie
1139 1376 1370 1438 falleret
1416 1376 1650 1456 pedites
1696 1386 2084 1439 metuentem:
2139 1386 2200 1439 et
2229 1377 2372 1457 ipse,
2403 1379 2452 1440 si
2477 1399 2569 1440 res
2593 1398 2734 1460 pos·

518 1482 693 1545 ceret,
723 1472 1004 1534 fidissimo
1031 1475 1289 1534 omnium
1317 1474 1594 1553 praesidio
1623 1475 1708 1534 uti
1751 1485 1970 1554 posset.
2057 1477 2193 1544 Qua
2239 1476 2298 1535 in
2344 1497 2405 1537 re
2450 1478 2730 1556 jocatum

518 1588 700 1630 unum
744 1590 819 1628 ex
872 1570 1169 1649 peditibus
1223 1590 1338 1630 non
1394 1570 1753 1650 ineleganter
1803 1570 2182 1650 accepimus:
2249 1573 2461 1653 ‘plus,’
2514 1573 2727 1654 inquit,

515 1674 538 1707 ⁸
558 1667 753 1727 Caesar
781 1675 1022 1744 praestat
1051 1686 1229 1745 quam
1255 1666 1547 1745 promisit.
1632 1666 1796 1727 Dixit
1822 1668 1979 1727 enirn
2006 1687 2069 1727 se
2096 1668 2388 1731 decimam
2436 1670 2730 1750 legionem

516 1762 654 1826 loco
711 1762 969 1822 cohortis
1024 1762 1313 1841 praetoriae
1369 1763 1727 1824 habiturum.
1813 1767 1860 1802 ¹⁵
1881 1765 2083 1825 Eccue
2123 1767 2349 1846 equites
2395 1788 2503 1830 nos
2541 1768 2733 1830 facit.'

517 1860 660 1919 Erat
684 1859 927 1939 exiguus
958 1861 1217 1920 tumulus
1245 1859 1500 1939 planitiei
1530 1861 1776 1942 ingentis
1805 1862 1863 1922 iu
1905 1862 2120 1935 medio,
2170 1865 2340 1926 locus
2383 1877 2726 1945 apparatus,

516 1957 596 2018 ab
624 1957 886 2035 utrisque
913 1958 1118 2018 castris
1145 1978 1319 2039 aequo
1345 1960 1540 2039 spatio
1579 1969 1873 2021 semotus:
1916 1959 2068 2038 legio
2114 1962 2362 2022 Caesaris
2408 1963 2572 2042 equis
2621 1963 2730 2025 im-

516 2053 712 2133 posita
733 2054 1002 2115 ducentis
1032 2056 1315 2134 passibus,
1346 2056 1473 2135 pari
1502 2057 1701 2118 itidem
1750 2058 2052 2118 intervallo
2098 2059 2377 2120 Ariovisti
2426 2059 2726 2140 equitatus

516 2152 801 2213 astiterat.
882 2153 1181 2214 Orationis
1210 2156 1497 2216 caesaoeae
1526 2156 1713 2236 prima
1740 2175 1877 2235 pars
1905 2155 2017 2216 fuit
2059 2157 2576 2217 ‘commemoratio
2625 2158 2729 2219 be-

514 2246 859 2310 neficiorum
886 2251 1135 2310 Senatus
1182 2271 1319 2330 erga
1364 2251 1548 2322 illum,
1599 2251 1761 2331 quod
1809 2272 2006 2331 regem
2041 2273 2200 2326 eum,
2250 2253 2414 2334 quod
2466 2254 2725 2316 amicum

517 2343 776 2418 dixisset,
818 2345 981 2424 quod
1029 2346 1407 2425 amplissimis⁸
1442 2349 1778 2409 muneribus
1820 2349 2178 2420 honorasset,
2206 2370 2343 2428 quse
2372 2370 2445 2410 eo
2472 2351 2729 2430 gratiora

516 2461 646 2503 esse
674 2442 1002 2514 debuerint,
1040 2465 1162 2525 quo
1190 2452 1254 2505 et
1278 2443 1336 2505 in
1366 2445 1517 2505 alios
1545 2445 1783 2518 rariora,
1825 2455 1884 2506 et
1933 2446 1992 2506 in
2039 2446 2229 2527 ipsum
2274 2447 2451 2527 gratis
2494 2447 2727 2528 absque

518 2539 699 2618 ipsius
727 2542 940 2602 collata
966 2551 1157 2603 essent
1185 2540 1404 2617 meritis
1434 2552 1495 2602 et
1523 2542 1752 2623 absque
1777 2542 2018 2603 notitia:
2063 2541 2244 2623 idque
2291 2543 2407 2603 sibi
2453 2564 2591 2604 cum
2624 2548 2728 2607 Se·

516 2651 689 2700 natus
755 2640 969 2700 eximia
1021 2640 1393 2711 liberalitate,
1442 2661 1584 2700 cum
1647 2638 1907 2701 ¹⁶tamen
1956 2639 2136 2719 ipsius
2193 2641 2441 2701 Caesaris
2494 2642 2727 2705 efficaci

515 2755 697 2814 opera
725 2737 1076 2813 contigisse!
1156 2736 1433 2796 Secunda
1458 2756 1594 2815 pars
1639 2744 1657 2770 ‘
1684 2735 1759 2796 de
1789 2736 2090 2796 Eduorum
2117 2756 2257 2796 cum
2300 2738 2582 2800 Romanis
2622 2760 2728 2801 an-

517 2832 683 2911 tiqua
710 2832 1151 2906 necessitudine,
1179 2844 1420 2914 propter
1447 2853 1626 2915 qnam
1654 2850 1773 2894 non
1802 2831 1982 2893 modo
2022 2842 2261 2912 possent
2307 2835 2469 2897 salva
2510 2836 2725 2899 hones-

515 2938 640 2990 tate
685 2929 942 3000 destitui,
983 2931 1309 3009 praesertim
1361 2951 1493 2992 cum
1551 2940 1689 2991 ante
1740 2932 2065 2991 Romanam
2113 2951 2353 3012 quoque
2402 2933 2721 2996 amicitiam

515 3024 698 3086 totius
753 3026 964 3086 Galliae
1018 3028 1417 3107 principatum
1473 3026 1597 3087 sine
1651 3027 1751 3087 lite
1773 3027 2191 3107 'possederinh
2274 3030 2474 3090 Solere
2521 3040 2723 3115 autem

514 3122 813 3185 Rommos
868 3123 1188 3184 amicorum
1227 3124 1490 3185 fortunas
1536 3142 1656 3183 non
1695 3131 1924 3186 tantum
1972 3124 2286 3186 defendere
2332 3124 2435 3186 sed
2487 3147 2724 3207 augere.
2849 3137 2860 3147 '

514 3216 718 3281 Eduos
761 3240 902 3299 ergo
949 3218 1351 3281 florentissimo
1394 3222 1453 3279 in
1492 3228 1647 3279 statu
1676 3239 1786 3279 suo
1817 3223 2144 3281 Romanam
2170 3221 2487 3282 amicitiam
2513 3243 2726 3287 conse-

512 3325 718 3378 cutos:
762 3318 871 3376 sub
899 3316 1108 3377 eadem
1158 3326 1381 3396 postea,
1427 3316 1817 3396 principatum
1849 3317 2105 3391 servitio,
2148 3320 2592 3399 prosperitatem
2622 3341 2724 3385 ca·

510 3413 873 3487 lamitatibus
899 3424 1282 3493 permutasse,
1330 3435 1447 3494 qua
1490 3415 1684 3475 fronte
1727 3435 1921 3494 quove
1964 3415 2160 3476 animo
2189 3416 2443 3477 tollerari
2486 3436 2657 3496 posse
2676 3418 2726 3500 'i'

512 3511 673 3572 Finis
699 3510 829 3582 fuit,
875 3519 975 3570 ‘ut
1018 3519 1248 3588 peteret
1287 3510 1496 3571 eadem
1539 3512 1690 3590 ipsa,
1734 3533 1867 3591 quae
1921 3512 2244 3593 legatorum
2286 3533 2388 3574 ore
2436 3514 2718 3592 petierat:

514 3605 668 3681 bello
692 3607 761 3679 in,
781 3607 981 3668 Eduos
1009 3618 1189 3686 atque
1216 3607 1443 3687 injuriis
1472 3609 1811 3682 abstineret,
1860 3610 2095 3671 obsides
2145 3609 2438 3682 redderet,
2465 3612 2722 3674 Germa-

510 3722 621 3763 nos
646 3702 699 3762 si
726 3707 987 3765 emittere
1015 3705 1260 3779 forsitan
1287 3726 1405 3766 non
1448 3716 1682 3787 posset:
1724 3715 1788 3765 at
1833 3707 2036 3769 saltem
2085 3726 2160 3766 ue
2203 3707 2344 3768 alios
2386 3707 2446 3767 in
2494 3709 2722 3771 Gallias

512 3802 978 3880 transportaret!
1016 3838 1025 3851 ·
1057 3802 1349 3885 Barbarus
1373 3805 1449 3863 ad
1499 3803 1796 3883 ingenium
1841 3823 2122 3873 reversus,
2160 3805 2293 3883 [37]
2343 3804 2595 3884 ¹⁷plenoe
2624 3826 2723 3868 su-

510 3896 734 3976 perbiae
749 3896 1183 3978 jactantiaeque
1233 3919 1579 3979 responsum
1619 3898 1896 3960 reddidit.
1985 3902 2058 3960 Et
2106 3901 2290 3978 primo
2327 3899 2567 3983 quidem
2607 3900 2723 3967 vir-

510 4001 670 4057 tutes
695 3993 818 4072 ipse
843 4003 905 4054 et
930 4012 1022 4055 res
1050 4014 1185 4055 suas
1211 3997 1405 4057 multis
1433 3995 1666 4057 extulit.
1751 3995 1931 4066 Quod
1961 3994 2038 4056 ad
2069 3996 2376 4057 transitum
2405 3999 2465 4056 in
2485 3997 2719 4059 Gallias

676 4222 736 4271 ιε
764 4186 931 4286 nge,
951 4221 1223 4276 an-10
1257 4222 1482 4276 videtur
1500 4228 1663 4275 tam
1697 4220 2126 4274 delendum—17
2161 4219 2328 4294 Lege,
2345 4219 2550 4284 pte-sn.
