3017 4925
894 422 989 472 nn
1037 416 1216 470 vrrA
1261 410 1467 471 sumi
1516 376 1872 473 cAEsAms.
2319 396 2494 479 1829

281 576 641 640 retulissent:
701 572 878 655 [1⁸6]
933 587 1183 637 cunctos
1233 575 1456 636 dimisit
1507 575 1848 646 incolumes,
1905 573 2043 653 quin
2097 584 2158 634 et
2226 575 2487 654 pecunioe

277 674 502 753 pondus
558 675 772 753 ingens
803 674 1043 734 Domitii
1098 672 1454 752 depositum,
1497 682 1558 732 et
1601 673 1678 732 ab
1716 672 2008 751 opidanis·
2037 671 2145 730 sibi
2188 673 2487 745 oblatum:

278 772 538 850 quamvis
585 782 648 831 et
706 772 953 850 pecunia
1006 771 1248 850 publica
1302 779 1476 842 esset,
1527 781 1588 829 et
1643 772 1705 829 in
1756 770 2112 849 stipendium
2166 780 2486 844 numerata,

271 867 539 927 ‘Domitio
567 867 840 938 restituit,
860 887 928 927 ne
951 869 1263 946 sanguinis,
1278 887 1453 948 quam
1477 869 1744 946 pecnnia:
1763 867 2150 928 abstinentior
2166 866 2483 926 videretur:

275 964 415 1024 nibil
463 976 769 1044 postremo
795 985 868 1025 ex
910 986 979 1025 ea
1008 965 1251 1026 victoria
1281 965 1371 1024 vel
1401 967 1615 1044 praedae
1655 965 1984 1044 cujuspiam
2016 965 2103 1023 vel
2135 964 2368 1024 ultionis
2394 985 2491 1025 ac-

271 1062 452 1139 cepit,
483 1063 593 1121 nisi
622 1063 786 1140 quod
817 1063 1062 1124 Domitii
1089 1062 1294 1122 milites
1334 1071 1697 1122 sacramento
1737 1062 1954 1142 adegit,
2000 1081 2112 1120 non
2162 1062 2373 1121 invitos
2423 1072 2489 1124 ut

273 1160 546 1232 arbitror,
596 1159 697 1220 sed
743 1182 816 1221 eo
861 1162 1131 1222 libentius
1168 1162 1455 1240 jurantes,
1502 1181 1624 1240 quo
1670 1159 1892 1220 felicius
1936 1171 2025 1219 est
2069 1158 2178 1218 sub
2223 1159 2485 1237 sequaci,

275 1275 455 1334 quam
485 1259 603 1319 sub
643 1258 842 1337 fugaci
869 1260 1020 1321 duce
1043 1258 1355 1330 ⁶²militari,
1396 1260 1645 1339 vulgatis
1688 1278 1823 1317 sane
1862 1277 1995 1336 qua:
2037 1258 2113 1318 ad
2159 1257 2486 1316 Corfinium

271 1365 404 1414 acta
427 1366 620 1424 erant,
654 1357 896 1415 :inultum
937 1365 1121 1417 metus
1163 1357 1437 1416 omnibus
1465 1355 1795 1434 demptum,
1826 1355 2193 1433 multumque
2223 1356 2345 1433 spei
2382 1354 2491 1413 ad·

272 1450 487 1525 ditum,
537 1436 1032 1530 cognoscentibus
1062 1455 1351 1515 Caesarem
1392 1453 1537 1513 nihil
1579 1453 1734 1512 bello
1763 1452 1868 1512 nisi
1900 1452 2199 1512 victoriam
2251 1462 2484 1529 petere:

275 1549 431 1609 unde
463 1558 531 1608 ut
557 1549 805 1609 diximus
826 1559 885 1609 et
908 1548 1290 1610 ⁶³Tustorum
1315 1549 1517 1630 populi
1546 1560 1605 1609 et
1632 1552 1819 1609 omnis
1852 1550 2115 1623 Umbria,
2142 1549 2320 1629 pulsis
2351 1549 2487 1608 inde

263 1645 560 1722 poesidiis
586 1646 663 1705 ad
694 1647 986 1708 Caesarem
1017 1649 1326 1708 transiere:
1383 1660 1562 1727 atque
1583 1648 1864 1708 ita‘rebus
1892 1668 1998 1707 suo
2028 1666 2187 1706 more
2215 1646 2489 1706 velociter

270 1744 450 1820 gestis
479 1763 552 1803 ac
581 1762 875 1823 prospere,
920 1766 1055 1805 cum
1073 1747 1200 1823 jam
1232 1766 1434 1805 secum
1464 1747 1662 1806 Gallia
1708 1745 1898 1805 omnis
1928 1744 2205 1824 cisalpina
2231 1743 2489 1817 sentiret,

270 1856 514 1919 magnas
558 1851 751 1919 partes
787 1841 968 1902 Italia:
1025 1844 1216 1923 primo
1271 1845 1587 1923 occupavit
1632 1844 1906 1904 adventu.
1994 1842 2107 1902 Sed
2157 1860 2295 1900 cum
2354 1861 2490 1921 spes

267 1938 499 1997 caeteris
528 1940 828 2010 omnibus,
859 1941 967 2001 soli
995 1941 1284 2022 Pompe-jo
1312 1952 1490 2022 atque
1528 1944 1766 2003 Senatui
1794 1941 2031 2002 additus
2073 1940 2266 2010 timor,
2296 1940 2395 2018 qui
2427 1940 2490 1998 in

270 2035 537 2096 Domitio
554 2036 803 2096 multum
832 2040 1112 2099 momenti
1141 2052 1536 2119 reposuerant,
1565 2051 1626 2101 et
1653 2060 1809 2119 saepe
1835 2060 1966 2099 eum
1998 2058 2107 2119 per
2133 2038 2327 2098 literas
2353 2044 2490 2096 evo-'-

270 2141 471 2191 catum
501 2134 933 2212 expectabant:
981 2136 1191 2215 Itaque
1219 2137 1533 2198 confestim
1555 2138 1872 2216 Pompejus
1902 2136 2151 2196 Luceria
2179 2134 2492 2213 digressus,

265 2229 368 2289 ubi
414 2230 560 2289 belli
589 2230 789 2291 sedem
830 2234 1097 2294 statuisse
1138 2235 1473 2306 videbatur,
1522 2236 1915 2296 Brundusium
1964 2235 2152 2315 petiit,
2198 2243 2261 2294 ut
2301 2231 2489 2291 Italiae

267 2325 434 2387 litore
465 2328 526 2385 in
556 2338 819 2389 extremo
868 2332 1198 2411 promptior
1242 2342 1399 2394 esset
1445 2333 1523 2394 ad
1571 2335 1909 2394 transitum:
1967 2334 2046 2393 ita
2092 2332 2244 2391 enim
2290 2331 2489 2389 animo

266 2422 634 2496 decreverat,
674 2424 872 2487 relicta
921 2429 1105 2499 ltalia,
1156 2432 1540 2491 transmarina
1567 2439 1824 2492 tentare:
1882 2430 2004 2490 sive
2049 2429 2109 2490 id
2154 2437 2308 2488 metu
2360 2426 2488 2487 solo

265 2523 543 2601 pellente,
576 2523 698 2582 sive
723 2524 1044 2587 intentione
1072 2527 1184 2599 illa,
1231 2547 1407 2606 quam
1436 2528 1616 2605 paulo
1644 2537 1780 2587 ante
1819 2547 1891 2586 ex
1919 2527 2168 2604 epistola
2196 2523 2489 2583 Ciceronis

263 2619 444 2680 elicui
471 2630 659 2698 atque
677 2621 947 2699 exposui.
1029 2624 1226 2684 Caesar
1253 2631 1447 2683 autem
1479 2642 1714 2701 semper
1749 2623 2118 2702 propinquus
2145 2621 2323 2697 atque
2352 2638 2491 2678 con·

263 2719 460 2798 tiguns
488 2718 762 2806 hostibus
803 2739 931 2780 esse
955 2719 1249 2794 festinans,
1295 2741 1413 2780 non
1446 2720 1555 2781 nisi
1586 2731 1805 2800 septem
1835 2719 2060 2779 dierum
2104 2735 2265 2776 mora
2304 2712 2489 2774 Corti-

262 2816 419 2876 nium
449 2825 684 2885 exacta,
712 2837 786 2876 eo
814 2816 941 2895 ipso
970 2817 1126 2878 duce
1154 2840 1274 2898 quo
1307 2818 1629 2880 Domitium
1657 2815 1983 2896 “captivos
2012 2814 2331 2884 dimiserat,
2362 2831 2491 2871 mo-

265 2912 336 2972 tis
365 2914 580 2973 castris
624 2914 680 2972 in
723 2914 1002 2994 Apuliam
1045 2918 1320 2995 perrexit.
1407 2919 1626 2996 Operae
1654 2916 1907 2995 pretium
1950 2913 2058 2973 nisi
2098 2910 2265 2971 fallor
2292 2909 2488 2980 fuerit,

261 3011 404 3090 quid
436 3010 517 3070 de
539 3011 628 3070 his
645 3008 1003 3090 ⁶⁵quomodo
1024 3016 1498 3085 memoravimus,
1516 3026 1575 3074 et
1594 3015 1716 3093 ipse
1736 3014 1941 3075 Cassar
1965 3022 2022 3071 et
2050 3009 2146 3069 alii
2176 3008 2486 3068 senserint:

261 3125 395 3168 cnm
436 3107 599 3168 enim
647 3108 970 3170 clementiae
1007 3112 1158 3191 ejus,
1190 3131 1365 3191 quam
1415 3113 1678 3172 Domitio
1717 3110 2002 3171 acerrimo
2052 3106 2226 3178 hosti,
2278 3114 2339 3164 et
2384 3104 2487 3182 qui

261 3204 524 3264 tumultu
548 3205 606 3263 in
625 3204 724 3265 illo
735 3206 1078 3284 reipublicae
1100 3228 1404 3269 successor
1423 3210 1532 3268 sibi
1555 3209 1897 3282 destinatus,
1914 3208 1968 3284 [1
1987 3204 2090 3281 87]
2107 3213 2166 3264 et
2183 3201 2257 3263 ad
2279 3220 2493 3261 consu·

253 3301 444 3361 {atum
478 3301 746 3380 aspirans
777 3304 931 3364 sicut
951 3304 1207 3366 diximus
1236 3307 1346 3366 sibi
1374 3307 1724 3378 minabatur,
1748 3305 2115 3372 exhibuerat,
2134 3300 2383 3359 Fama¹ut
2413 3297 2488 3357 ad

263 3398 482 3469 hostes,
511 3400 598 3458 sic
625 3396 702 3457 ad
732 3400 952 3461 amicos
978 3402 1151 3461 etiam
1183 3404 1541 3482 pervenisset
1567 3427 1584 3474 ;
1636 3403 1875 3480 duoque
1904 3399 2017 3459 sibi
2044 3392 2490 3466 familiarissimi,

261 3494 573 3556 Cornelius
606 3494 824 3555 Balbus
853 3506 1032 3575 atque
1062 3499 1319 3577 Oppius,
1353 3499 1571 3559 factum
1602 3499 1731 3577 ejus
1763 3517 1870 3577 per
1897 3497 2091 3556 literas
2122 3494 2493 3552 vehementer

259 3589 619 3661 laudassent,
649 3593 1040 3671 responsionis
1067 3596 1357 3656 Caesareae
1384 3605 1549 3655 extat
1576 3595 1840 3672 epistola,
1873 3611 2008 3670 quae
2053 3590 2195 3650 mibi
2224 3605 2398 3660 nunc,
2433 3598 2496 3648 et

259 3697 512 3767 propter
529 3688 840 3749 scribentis
860 3692 1294 3764 auctoritatem,
1317 3705 1373 3752 et
1397 3702 1643 3772 propter
1659 3691 1840 3769 ipsius
1857 3689 2121 3769 epistolae
2149 3685 2493 3766 gravitatem

253 3803 330 3845 ac
358 3786 727 3856 brevitatem,
773 3787 955 3866 digna
1004 3789 1093 3848 his
1137 3790 1312 3850 inseri
1343 3792 1462 3849 visa
1489 3799 1600 3858 est,
1650 3808 1719 3847 ea
1763 3807 1899 3847 vero
1949 3795 2038 3845 est
2090 3784 2264 3863 hujus
2295 3781 2490 3842 modi:

261 3889 280 3920 ⁶
309 3884 517 3942 Cesar
543 3883 747 3962 Oppio
773 3886 1165 3966 Cornelioque
1204 3889 1476 3948 salutem.
1562 3885 1819 3947 Gaudeo
1858 3882 2152 3943 mehercle
2184 3900 2282 3939 vos
2318 3878 2494 3954 signi·

259 3978 446 4040 ficare
494 3979 675 4040 literis
724 4002 900 4061 quam
941 3986 1111 4045 valde
1156 3986 1421 4064 probetis
1462 4005 1532 4046 ea
1570 4003 1707 4064 qua:
1759 3982 1918 4061 apnd
1975 3976 2298 4040 Corfinium
2348 3982 2496 4034 sunt

257 4083 469 4170 flaua.
527 4077 782 4137 consilio
823 4091 1014 4140 vestro
1057 4089 1187 4141 utar
1237 4083 1518 4142 libenter:
1578 4091 1638 4142 et
1683 4082 1795 4141 boc
1844 4076 2116 4138 libentius
2161 4070 2323 4151 quod
2360 4089 2496 4130 mea

261 4223 394 4270 ’θ’
415 4219 958 4285 Ιὶςο,1ιῦἱῦσ·ε.-68
1001 4229 1156 4296 Lege,
1181 4229 1585 4286 Momm—64
1627 4225 1854 4278 Videtur
1881 4218 2175 4289 legendum,
2194 4215 2496 4280 W

269 4299 538 4352 dtu—os
557 4303 722 4370 Lege,
738 4311 1015 4371 «μουσᾶν.
1113 4343 1118 4350 ·
1536 4343 1545 4353 ’
