3017 4925
935 411 1033 461 na
1078 410 1262 460 vri-A
1311 408 1517 461 mnu
1566 408 1923 461 cautus.
2350 394 2525 469 lm

314 578 465 637 nere,
491 573 868 627 exarmatum
895 563 1049 625 hosti
1078 559 1358 644 jugulum
1405 563 1690 643 praebere,
1735 572 1800 625 et
1832 563 2168 625 altannus
2191 564 2336 644 pati,
2383 584 2525 646 qua

315 660 597 722 bellorum
631 661 779 740 jure
826 661 966 722 victi
1013 681 1048 722 a
1095 661 1412 722 victoribus
1457 661 1787 740 patiantur?
1864 661 2161 722 Persuasit
2185 662 2275 722 his
2304 663 2521 737 verbis,

227 768 236 779 '
311 759 506 838 viginti
529 771 595 820 et
623 780 703 821 eo
729 761 981 839 amplius
1008 760 1185 839 opida
1215 779 1329 820 uua
1355 761 1490 820 luce
1523 760 1836 820 combusta
1876 770 2045 821 sunt:
2087 779 2277 839 neque
2325 761 2517 822 solum

309 855 366 914 in
394 854 618 917 finibus
649 858 1004 937 Biturigum,
1047 856 1149 916 sed
1197 857 1257 916 in
1306 856 1545 935 reliquis
1585 856 1699 916 bac
1745 856 1885 917 illac,
1926 876 2284 937 quocunque
2311 856 2517 917 oculos

309 950 586 1023 flecteres,
629 954 910 1015 incendia
935 955 1339 1026 cernebantur,
1369 974 1488 1013 non
1517 952 1641 1013 sine
1667 953 1926 1013 omnium
1955 952 2198 1013 doloret
2247 972 2420 1032 quem
2447 972 2521 1014 ea

308 1068 440 1130 spes
464 1052 718 1123 lenibat,
750 1052 913 1131 quod
944 1061 1108 1131 parta
1133 1051 1375 1112 victoria
1413 1051 1539 1111 cito
1579 1069 1782 1111 omnes
1828 1049 2058 1130 perdita
2104 1058 2522 1113 restaurarent.

309 1146 399 1208 De
424 1150 694 1210 Avarico
719 1151 780 1210 in
802 1150 1042 1210 consilio
1068 1149 1352 1228 agitatum
1378 1157 1489 1218 est,
1518 1166 1595 1208 an
1622 1147 1860 1207 incendi
1898 1146 2064 1219 illud,
2112 1166 2190 1209 an
2229 1147 2521 1209 intactum

304 1243 484 1324 linqui
515 1246 730 1307 melius
779 1246 951 1306 foret.
1037 1248 1348 1307 Enimvero
1373 1243 1450 1303 ad
1481 1245 1598 1305 hoc
1627 1245 1873 1305 verbum
1913 1244 1992 1304 ad
2023 1244 2522 1327 Vercingetorigis
2628 1292 2631 1293 ν

303 1344 484 1420 pedes
508 1344 952 1424 Gallorumque
979 1345 1238 1404 omnium
1266 1343 1370 1422 qui
1398 1342 1649 1402 consilio
1674 1341 1992 1403 intererant
2014 1341 2186 1403 affusi
2212 1341 2516 1420 Bituriges,

302 1438 701 1511 obtestantur,
746 1449 764 1475 ‘
781 1461 856 1500 ne
882 1440 1340 1520 pulcherrimum
1371 1439 1700 1499 Galliarum
1725 1436 1970 1518 opidum
2012 1438 2151 1498 ⁷⁵de
2178 1440 2357 1517 cujus
2382 1458 2518 1518 pro·

302 1534 506 1597 vinciae
533 1538 925 1617 Biturigeusis
953 1559 1025 1599 ac
1054 1536 1391 1617 praesidium
1421 1535 1670 1598 flammis
1698 1536 2000 1596 immeritis
2038 1535 2330 1596 deleatur:
2374 1556 2513 1596 cum

305 1632 542 1695 defendi
571 1647 778 1716 posset
801 1636 965 1697 locus
992 1656 1143 1716 pene
1170 1635 1636 1715 inexpugnabilis
1666 1643 1891 1706 natura,
1918 1634 2014 1694 cui
2041 1634 2095 1692 si
2115 1633 2378 1694 defensio
2407 1633 2520 1692 mi-

302 1729 482 1793 litaris
509 1734 854 1807 accesserit,
883 1733 1158 1795 maledici
1188 1733 1371 1813 possit
1397 1753 1517 1794 non
1544 1733 1787 1794 noceri?
1847 1731 2177 1792 Movebant
2199 1732 2295 1791 hae
2313 1749 2519 1809 preces

303 1830 528 1891 animos
585 1842 961 1904 cunctorum,
1009 1851 1162 1892 unus
1216 1831 1654 1911 Vercingetorix
1697 1830 1925 1892 cunctis
1965 1829 2265 1901 obstabat,
2315 1829 2417 1908 qui
2455 1838 2519 1891 et

303 1925 424 2005 ipse
450 1927 702 1989 tandem
731 1930 919 1991 victus
950 1928 1347 1990 misericordia
1391 1928 1452 1988 in
1503 1929 1842 1988 sententiam
1889 1936 2238 1987 coeterorum
2269 1926 2515 1987 transiit.

303 2024 395 2083 Sic
421 2025 836 2087 defemoribus
863 2027 1156 2106 rebusque
1182 2025 1310 2086 aliis
1358 2025 1435 2085 ad
1479 2023 1814 2085 custodiam
1859 2023 2165 2102 oportunis
2203 2041 2276 2081 eo
2324 2033 2515 2083 trans·

305 2121 511 2193 missis,
543 2132 813 2184 servatur
836 2124 1146 2184 Avaricum
1186 2143 1222 2183 a
1263 2123 1571 2184 Gallorum
1614 2120 1881 2192 flammis,
1912 2119 2012 2181 sed
2043 2139 2160 2179 non
2188 2119 2267 2179 ab
2295 2114 2515 2180 obsidi-

303 2236 408 2278 one
457 2220 900 2280 Romanorum:
944 2221 1002 2281 in
1048 2240 1169 2300 qua
1211 2221 1453 2298 quidem
1493 2218 1888 2281 obsidentium
1937 2217 2101 2278 fortis
2147 2227 2211 2276 et
2251 2216 2516 2278 animosa

302 2315 618 2377 tolerantia
641 2317 906 2378 emicuit.
984 2319 1139 2379 Cum
1178 2319 1332 2379 enim
1370 2318 1507 2379 binc
1551 2316 1989 2396 Vercingetorix
2031 2325 2224 2376 castra
2266 2313 2512 2393 propius

302 2412 679 2488 admovisset,
706 2424 771 2478 et
808 2416 885 2476 ab
925 2417 1392 2497 exploratoribus
1417 2435 1527 2497 per
1550 2414 1804 2494 singulas
1831 2414 2004 2475 boras
2033 2411 2177 2494 quid
2207 2412 2268 2472 in
2298 2413 2515 2474 Roma·

303 2511 388 2572 nis
415 2513 632 2573 castris
649 2524 938 2592 ageretur,
961 2513 1229 2585 edoctus,
1278 2533 1447 2575 omne
1472 2514 1589 2574 iter
1627 2532 1828 2573 eorum
1873 2513 2248 2582 observarem
2289 2519 2351 2569 et
2394 2509 2515 2571 Ro-

302 2628 514 2670 manos
535 2611 760 2671 circum
788 2611 1063 2670 omnibus
1088 2611 1304 2672 exustis
1331 2618 1576 2688 urgente
1601 2608 1946 2669 necessitate
1973 2607 2201 2684 longius
2222 2605 2517 2685 pabulan-

306 2716 408 2777 tes,
438 2707 665 2768 crebris
690 2705 1078 2768 incommodis
1124 2726 1197 2767 ac
1224 2706 1452 2768 damnis
1496 2705 1778 2767 afficeret.
1862 2704 2033 2764 illinc
2062 2723 2201 2764 vero
2224 2701 2401 2764 AEdui
2440 2721 2513 2763 ac

307 2803 436 2881 Boji
464 2804 686 2882 quibus
710 2822 782 2864 ea
808 2821 953 2864 cura
994 2802 1274 2863 mandata
1300 2811 1459 2864 erat:
1504 2801 1587 2863 illi
1633 2800 1873 2882 quidem
1915 2800 2079 2881 quod
2121 2807 2349 2862 mutato
2374 2819 2515 2880 erga

305 2896 608 2960 Romanos
633 2898 827 2959 animo
854 2918 972 2960 non
1000 2899 1312 2971 curabant,
1341 2899 1404 2959 hi
1424 2918 1667 2979 quoque
1694 2918 1900 2979 parum
1929 2906 2218 2978 poterant,
2238 2917 2360 2958 rem
2386 2897 2517 2961 Ro·

305 3013 532 3056 menam
561 2996 814 3075 maligue
841 2995 1270 3056 commeatibus
1297 2995 1687 3074 adjuvarentz
1733 2995 1909 3076 [125]
1946 2996 2023 3056 ad
2064 3005 2287 3060 tantam
2332 3013 2518 3074 penu-

335 3091 349 3102 “
305 3091 838 3165 mm⁷⁶devenire,
868 3102 934 3158 ut
961 3092 1171 3153 diebus
1198 3092 1465 3172 plurimis
1497 3093 1794 3154 frumento
1821 3101 2084 3153 carentes
2110 3090 2273 3152 tenui
2301 3110 2512 3170 pecore

308 3189 399 3249 vix
305 3109 755 3269 mproferreut
780 3190 1131 3251 imbecillem
1160 3190 1458 3270 spiritum·
1501 3210 1806 3268 nunquam
1847 3200 2043 3250 tamen
2087 3190 2165 3248 ab
2206 3207 2516 3268 oppugna-

283 3286 459 3360 ,tione
485 3300 820 3361 cessarent3
861 3307 1164 3368 nunquam
1208 3290 1300 3350 vel
1349 3289 1497 3350 irata
1548 3289 1639 3349 vel
1680 3288 1874 3349 mollis
1914 3287 2265 3365 cujusquam
2293 3305 2366 3345 ex
2410 3306 2515 3348 ore

307 3403 417 3444 vox
442 3396 800 3465 erumperet:
843 3396 949 3446 aut
986 3386 1272 3449 Romsnae
1296 3407 1414 3448 non
1443 3387 1799 3448 couveniens
1826 3384 2351 3463 mnjestati.1mo
2375 3402 2517 3444 vero

307 3500 437 3541 cum
473 3485 677 3544 Caesar
724 3483 984 3545 laborem
1037 3484 1287 3546 militum
1337 3485 1644 3546 miseratus
1686 3484 1838 3545 inter
1881 3478 2310 3541 exhortandum
2352 3499 2513 3560 saepe

307 3577 560 3643 dicemu
605 3581 692 3640 ‘si
718 3581 894 3641 nimis
919 3600 1130 3661 aspera
1158 3592 1296 3643 sunt
1324 3583 1434 3644 ista
1473 3600 1811 3662 progressu,
1856 3579 2017 3639 nulla
2058 3597 2164 3658 per
2206 3595 2302 3637 me
2350 3596 2514 3638 mora

308 3690 409 3748 est,
452 3679 960 3758 oppugnationem
1009 3681 1275 3741 omittere
1304 3701 1434 3741 sum
1463 3682 1762 3759 paratus?
1813 3676 2159 3738 unanimiter
2189 3675 2515 3755 responde·

308 3787 469 3835 rent:
536 3775 724 3835 ‘Non
773 3775 902 3836 boec
944 3795 1283 3854 quaesumus
1323 3776 1551 3857 optime
1575 3777 1930 3855 imperator.
1975 3776 2060 3836 sic
2085 3775 2299 3835 multo·
2322 3793 2513 3835 annos

311 3880 366 3929 te
384 3872 536 3932 duce
563 3872 962 3945 militavimus,
996 3883 1059 3935 ut
1088 3877 1283 3936 nullus
1312 3885 1521 3947 metus,
1550 3873 1862 3935 difficultas
1888 3873 2049 3933 nulla
2088 3891 2195 3932 nos
2238 3870 2511 3951 fregerit:

311 3967 496 4031 nullus
524 3970 783 4030 hostium
814 3971 985 4030 nobis
1028 3973 1180 4032 hanc
1227 3972 1603 4051 ignominiam
1652 3971 1964 4049 ”irrogant
2015 3977 2079 4029 ut
2125 3979 2321 4046 coepta
2347 3966 2512 4027 dese·

313 4083 528 4125 ramus:
594 4081 669 4125 ne
717 4075 783 4125 tu
836 4085 976 4146 ergo
1031 4068 1154 4128 dux
1206 4077 1406 4128 noster
1461 4067 1614 4127 hane
1663 4075 1941 4126 {eternam
2010 4063 2294 4123 maculam
2341 4061 2513 4121 nobis

313 4158 715 4234 ⁷⁸immiseris;
762 4164 885 4224 sine
930 4165 1105 4226 modo
1151 4167 1346 4226 omnia
1396 4165 1522 4246 pati
1564 4163 1920 4231 ⁷‘’malimus,
1969 4179 2143 4240 quam
2194 4178 2269 4218 ne
2316 4167 2516 4218 nostra

365 4324 424 4372 76
457 4323 636 4386 Forte,
652 4324 945 4374 decue—76
977 4325 1139 4391 Lege,
1161 4327 1530 4377 devenere—77
1569 4325 1732 4391 Lege,
1754 4323 2085 4388 eroga-⁷8
2118 4322 2297 4390 Forte,
2334 4321 2512 4373 &um-

317 4401 528 4462 ris.·-79
562 4406 726 4473 Lege,
749 4407 994 4457 mamus.
1037 4455 1043 4460 ,
