3017 4925
410 871 873 950 HENRICI
932 871 1534 949 DODWELLI
1582 869 2296 949 DISSERTATIO

257 1061 348 1113 m:
378 1063 720 1117 Aucrom:
784 1064 925 1116 ΗΒ.
958 1064 1116 1116 vm.
1161 1065 1260 1116 DE
1304 1064 1546 1115 BELLO
1604 1064 1811 1117 GALL.
1836 1065 1932 1116 ET
1970 1063 2182 1115 ALEx.
2223 1057 2457 1118 AFRIC.

1060 1163 1303 1218 ATQUE
1351 1163 1650 1216 HISPAN.

482 1561 722 1660 Au‘ctor
771 1597 1036 1680 Prologi
1080 1598 1165 1661 aa
1209 1598 1425 1659 librum
1469 1597 1543 1660 ae
1587 1596 1733 1657 beno
1784 1595 2015 1658 Gallico
2061 1612 2217 1655 vm.

627 1695 878 1758 Hirtius
892 1697 1311 1779 poliussuisse
1337 1695 1571 1758 videtur
1597 1715 1769 1776 quam
1804 1696 2055 1775 Oppius.

259 1854 334 1933 Sl
404 1872 648 1952 quidem
723 1882 883 1935 recte
952 1875 1168 1936 habeat
1219 1876 1387 1937 locus
1462 1872 1748 1947 Suetonii,
1798 1872 1927 1952 jam
1981 1881 2106 1933 tum
2163 1869 2464 1931 extiterint

253 1979 473 2046 oportet
520 1969 656 2030 libri
711 1991 933 2045 omnes,
987 1993 1136 2052 quos
1189 1973 1503 2053 pollicetur
1556 1982 1767 2033 auctor
1823 1968 2057 2049 Prologi
2112 1968 2187 2029 ad
2245 1968 2464 2027 librum

252 2062 381 2124 belli
421 2066 649 2127 Gallici
701 2083 859 2129 vul.
911 2068 1172 2129 nondum
1223 2079 1443 2142 autem,
1495 2076 1563 2128 ut
1588 2068 1845 2141 videtur,
1896 2069 2009 2128 sub
2056 2066 2294 2127 nomine
2321 2062 2465 2125 Julii

251 2160 414 2236 Celsi,
463 2163 574 2223 sed
608 2162 796 2245 Oppii
822 2165 1108 2227 duntaxat
1134 2176 1197 2227 et
1247 2167 1454 2228 Hirtii:
1499 2176 1782 2245 erantque
1828 2184 1966 2226 sane
1991 2165 2170 2225 ambo
2215 2163 2294 2222 illi
2336 2162 2467 2223 Cae-

252 2259 355 2317 sari
381 2261 531 2321 satis
557 2260 894 2325 familiares.
977 2266 1101 2325 Cur
1127 2274 1324 2327 autem
1371 2265 1574 2344 Oppio
1600 2263 2009 2334 tribuerentur,
2055 2281 2187 2322 eam
2225 2279 2462 2322 eausam

252 2355 381 2415 satis
410 2358 789 2420 verisimilem
830 2361 970 2421 mihi
1000 2362 1196 2423 videre
1232 2361 1453 2434 videor,
1500 2360 1664 2441 quod
1696 2368 1907 2420 auctor
1934 2360 2053 2431 ille,
2103 2359 2463 2440 quicumque

249 2451 479 2516 demum
510 2455 563 2515 is
591 2455 790 2531 fuerit,
834 2458 1025 2519 Balbo
1067 2460 1383 2540 prologum
1425 2479 1596 2520 suum
1626 2457 2008 2538 inscripserit.
2091 2457 2274 2517 Erant
2310 2455 2464 2516 enim

249 2569 376 2612 sane
424 2554 672 2633 Oppius
714 2564 898 2636 atque
942 2558 1160 2618 Balbus
1211 2557 1644 2618 necessitudine
1672 2555 1891 2635 aliqua,
1940 2573 2120 2634 quam
2148 2554 2462 2624 nescimus,

250 2659 311 2708 ut
351 2650 613 2725 videtur,
675 2653 929 2714 invicem
973 2655 1484 2735 conjunctissimi:
1545 2653 1698 2715 forte
1745 2651 1923 2713 officii
1967 2651 2234 2730 alicujus·
2263 2668 2465 2719 causa,

251 2746 556 2827 utriusque
605 2765 766 2809 curae
815 2770 855 2810 a
897 2750 1130 2813 Caesare
1176 2751 1403 2813 crediti.
1490 2752 1666 2813 Certe
1715 2750 1947 2828 utrique
1979 2748 2290 2827 inscriptas
2318 2766 2470 2807 non-

251 2842 433 2904 nullas
458 2845 744 2926 epistolas
781 2846 1035 2909 Caesaris
1077 2848 1363 2910 babemus
1407 2848 1706 2928 hodieque
1756 2848 1816 2908 in
1855 2846 2004 2907 libro
2043 2843 2343 2906 Ciceronis
2386 2842 2465 2904 ad

253 2938 507 3001 Atticum
554 2958 655 3003 lx.
753 2944 830 3004 Et
871 2943 1049 3006 libros
1092 2946 1269 3006 fuisse
1315 2946 1692 3025 epistolarum
1738 2945 1815 3005 ad
1873 2953 2214 3023 utrumque,
2287 2940 2474 3002 docet·

252 3035 470 3098 Gellius
498 3039 545 3100 l.
576 3054 755 3100 xvn.
805 3041 986 3103 Noct.
1014 3044 1204 3103 Attio.
1252 3064 1307 3104 c.
1336 3054 1397 3115 9.
1445 3044 1547 3123 qui
1594 3043 1879 3104 rationem
1928 3040 2116 3113 addit,
2168 3039 2332 3119 quod
2370 3058 2466 3099 res

252 3130 375 3210 ejus
398 3135 663 3198 absentis
691 3147 988 3199 curarent.
1070 3140 1297 3201 Literas
1340 3160 1592 3212 curasse,
1641 3140 1826 3201 docet
1868 3139 2081 3198 Cicero
2127 3136 2203 3197 ad
2252 3135 2465 3206 Quint.

256 3228 324 3290 fr.
351 3251 451 3311 ep.
486 3244 541 3295 l.
626 3234 706 3295 Se
738 3244 936 3296 autem
982 3235 1141 3297 bello
1184 3236 1583 3298 Alexandrino
1631 3247 1812 3315 atque
1857 3234 2138 3296 Africano
2182 3227 2463 3304 abfuisse,

256 3326 457 3390 lubens
505 3331 778 3408 agnoscit
822 3331 1059 3412 Prologi
1097 3341 1327 3394 auctor.
1413 3334 1538 3395 Sed
1583 3333 1856 3395 absentia
1899 3332 1999 3391 illa
2046 3331 2295 3392 Caesaris
2339 3335 2470 3391 erat

251 3425 307 3486 in
331 3426 557 3500 Gallia,
600 3428 646 3488 si
692 3428 927 3509 quidem
971 3449 1043 3490 ex
1072 3429 1335 3509 epistolis
1380 3451 1417 3492 a
1459 3431 1750 3491 Cicerone
1776 3427 2142 3491 conservatis
2186 3427 2368 3487 liceat
2391 3426 2472 3488 (le

255 3523 483 3603 reliquis
513 3527 805 3604 augurari.
888 3529 1176 3608 Spectant
1216 3530 1369 3589 enim
1402 3530 1519 3589 iuae
1548 3528 1624 3588 ad
1673 3527 1862 3606 prima
1890 3525 2028 3585 belli
2069 3523 2253 3585 civilis
2281 3523 2474 3585 initia.-

256 3619 339 3681 Ex
365 3623 457 3683 his
488 3622 670 3703 igitur
709 3624 969 3703 epistolis
998 3625 1074 3687 ad
1119 3628 1384 3707 Oppium
1413 3626 1565 3687 datis
1607 3645 1798 3686 rerum
1829 3630 2124 3702 gestarum
2156 3621 2467 3683 memorias

256 3720 519 3798 accipere
536 3719 753 3799 potnit,
782 3722 831 3781 si
860 3723 990 3802 quis
1027 3724 1235 3803 junior
1257 3725 1443 3805 Oppii
1483 3723 1717 3785 nomine
1758 3722 1940 3783 libros
1988 3719 2292 3782 edidisset.
2374 3721 2469 3781 Ita

258 3813 371 3888 fiet,
416 3825 486 3877 ut
532 3818 663 3896 pari
699 3816 820 3878 fide
847 3819 1041 3899 dignae
1070 3822 1189 3883 siut
1232 3843 1423 3884 rerum
1455 3832 1747 3901 gestarum
1791 3819 2171 3891 narrationes,
2210 3838 2312 3879 seu
2358 3817 2470 3878 boe

256 3907 429 3972 libros
456 3913 585 3992 ipse
610 3917 861 3978 exararit
880 3920 1136 4000 Oppius,
1167 3941 1269 3981 seu
1303 3921 1508 4000 junior
1537 3920 1743 3999 Oppio
1771 3917 2064 3997 quispiam
2102 3915 2406 3995 collegerit
2432 3933 2476 3973 θ

258 4004 501 4071 caesaris
529 4010 810 4089 epistolis,
840 4016 1044 4095 Oppio
1089 4016 1384 4097 inscriptis
1422 4028 1604 4096 atque
1633 4016 1842 4077 Balbo.
1921 4014 2095 4074 Certe
2124 4011 2334 4090 Oppio
2377 4027 2468 4070 res

261 4101 502 4164 Caesaris
531 4107 704 4168 etiam
733 4128 974 4172 arcanas
1002 4112 1182 4175 fuisse
1207 4114 1720 4194 exploratissimis,
1748 4132 1822 4173 ex
1854 4129 1929 4170 eo
1955 4109 2107 4170 libro
2150 4107 2467 4187 colligitur,

263 4215 430 4278 quem
477 4203 780 4286 scripsisse
807 4217 1051 4270 testatur
1092 4211 1367 4290 Oppium
1408 4210 1727 4273 Suetonius
1773 4207 1897 4270 Jul.
1926 4224 2061 4284 cap.
2092 4211 2195 4267 52.
2223 4212 2484 4282 uttpror

263 4289 422 4362 baret
464 4316 585 4360 non
631 4298 802 4364 fuisse
841 4305 1089 4370 Caesaris
1124 4305 1332 4384 tilium,
1387 4326 1570 4390 quem
1606 4305 1822 4368 dixerit
1865 4302 2201 4382 Cleopatr&
2247 4317 2474 4383 nemi*
