3017 4925
877 410 974 457 na
1021 408 1202 457 vri-A
1247 408 1451 458 sumt
1498 408 1852 460 cAEssms.
2290 392 2464 460 1805

257 569 448 643 rantis,
494 569 921 649 prefectisqus
967 571 1171 630 AEduis
1223 569 1618 648 Eporedorige
1673 571 1897 631 scilicet
1950 591 2023 632 ac
2070 571 2463 645 Viridomaro,

254 668 451 728 addito
479 668 699 727 Cornio
733 668 1131 736 Atrebatensi3
1177 666 1279 747 qui
1320 685 1524 727 omnes
1573 668 1822 728 Caesaris
1868 669 2296 731 familiarissimi
2343 670 2468 733 fue·

254 774 417 833 rant:
459 764 749 842 explicita
807 776 1181 825 memoratur.
1266 764 1383 824 Sed
1438 776 1725 826 excusant
1778 765 2026 826 factum:
2088 767 2225 846 quia
2280 766 2467 828 ⁷videt

253 872 479 923 tantum
535 859 805 921 studium
859 859 1280 940 recuperanda:
1325 860 1551 920 henicae
1597 861 1822 941 gloriae,
1868 872 1929 923 et
1969 865 2143 924 avita:
2186 864 2466 925 libertatis

253 958 611 1029 hemeran
674 958 852 1036 [155]
896 967 961 1018 ut
1008 976 1201 1036 neque
1243 955 1651 1017 familiaritatis
1705 969 1883 1038 atque
1936 958 2208 1022 amicitias
2263 961 2466 1036 fraeno,

253 1074 444 1134 neque
495 1055 620 1114 ullo
668 1052 989 1114 ‘beneficio
1043 1054 1121 1114 ab
1168 1053 1366 1132 aliquo
1411 1064 1824 1134 perceptorum
1883 1058 2243 1137 obligatione
2288 1066 2466 1136 atque

253 1149 538 1212 memoria
564 1149 832 1210 cobiberi
859 1160 1123 1229 possent.
1206 1151 1465 1229 Eratque
1512 1152 1736 1228 species
1776 1153 2092 1232 impietatis
2132 1165 2313 1235 atque
2340 1174 2469 1233 per·
2518 1162 2539 1177 ⁹

255 1246 412 1308 fidae
437 1246 698 1306 amicum
729 1266 919 1318 nosse,
951 1248 1062 1307 nisi
1090 1246 1250 1326 quod
1277 1247 1379 1327 qui
1406 1248 1628 1310 amicus
1657 1259 1720 1309 et
1745 1250 1949 1328 patria:
1976 1240 2100 1311 suas
2126 1262 2300 1322 esset,
2328 1250 2466 1310 huie

253 1343 539 1405 taaemtis
567 1352 632 1403 et
677 1343 876 1422 gloriae
922 1344 1120 1405 studio
1168 1353 1332 1405 tanta
1379 1345 1567 1407 inerat
1613 1345 1895 1419 alacritas,
1926 1356 2087 1408 tanta
2113 1368 2269 1427 spes,
2296 1346 2468 1427 quasi

246 1441 376 1518 jam
401 1440 716 1519 proesentis
757 1440 1018 1502 victoriae
1062 1442 1412 1521 anticipatio
1438 1443 1782 1516 animorum,
1830 1455 1894 1506 ut
1920 1445 2134 1505 nullius
2162 1456 2314 1505 esset
2342 1445 2469 1524 opi·

256 1537 373 1610 nio,
423 1539 735 1598 Romanos
782 1538 926 1599 tanti
973 1538 1267 1599 exercitus
1324 1539 1639 1611 clamorem
1696 1552 1874 1619 atque
1926 1553 2335 1621 conspectum,
2392 1560 2469 1602 ne

258 1634 454 1695 dicam
485 1635 610 1696 vim
638 1645 819 1714 atque
845 1655 1009 1699 arma
1035 1655 1346 1714 passuros:
1393 1636 1708 1715 praesertim
1737 1658 1871 1699 cum
1916 1638 2136 1699 obsessi
2162 1657 2265 1698 eos
2292 1637 2467 1698 rebus

259 1731 512 1809 coguitis
568 1730 839 1811 quotidie
885 1732 1288 1812 eruptionibus
1343 1745 1716 1805 exercerent:
1752 1734 1882 1812 jam
1935 1735 2224 1796 inclinatis
2271 1749 2330 1817 et
2369 1734 2471 1795 de-

260 1827 426 1889 fessis
483 1838 683 1889 tamen
739 1829 937 1889 subito
989 1849 1210 1889 novum
1271 1829 1509 1907 pondus
1566 1829 1897 1892 accederet.
2006 1833 2281 1912 Denique
2329 1832 2470 1894 Ver·

260 1924 608 1986 casianenns
674 1926 962 1986 Alvernus
1017 1927 1514 2007 Vercingetorigis
1568 1916 1975 2002 consobrinus,
2029 1929 2289 1991 omnium
2345 1929 2469 1991 dux

259 2020 513 2102 eligitur,
543 2021 702 2082 datis
726 2043 760 2083 e
789 2021 1054 2100 qualibet
1083 2024 1229 2083 urbe
1256 2024 1394 2085 viris
1430 2023 1919 2104 prudentissimis,
1944 2045 2191 2106 quorum
2222 2025 2471 2086 consilio

261 2129 610 2197 regeretur:
634 2118 726 2181 his
769 2119 868 2178 ille
912 2118 1190 2191 consiliis,
1239 2126 1420 2199 atque
1464 2120 1556 2180 his
1608 2121 1805 2194 armis,
1852 2122 2180 2201 plenusque
2232 2121 2470 2185 fiducia

259 2215 511 2295 ingentis
537 2216 802 2276 Alexiam
833 2217 1000 2295 petit.
1085 2218 1163 2276 Et
1210 2218 1271 2277 lri
1315 2217 1556 2297 quidem
1603 2219 1971 2291 festinabant,
2013 2220 2230 2283 obsessi
2268 2231 2469 2281 autem

261 2314 706 2375 consultabant:
752 2333 941 2392 neque
969 2332 1107 2373 vero
1135 2313 1312 2374 facile
1337 2334 1562 2393 magna:
1597 2334 1686 2374 res
1712 2334 1895 2393 parvo
1922 2316 1980 2374 in
2010 2324 2272 2395 tempore
2297 2335 2473 2395 expe·

262 2409 371 2471 diri
396 2418 672 2491 possunt.
752 2409 899 2471 Haec
928 2410 1101 2489 igitur
1129 2419 1289 2472 tanta
1320 2408 1398 2471 de
1440 2420 1559 2471 tam
1601 2409 1956 2473 distantibus
1992 2390 2136 2472 focis
2167 2411 2470 2472 hominum

260 2508 499 2569 ’coacto
525 2508 590 2567 in
622 2517 746 2568 tam
774 2508 978 2586 paucis
1006 2507 1214 2568 diebus
1264 2508 1389 2569 fieri
1417 2509 1790 2587 nequivisset,
1819 2507 1928 2568 nisi
1954 2506 2308 2569 incredibilis
2338 2508 2471 2587 qui-

263 2604 394 2668 dem
423 2623 753 2665 consensus
783 2604 1041 2664 omnium
1068 2605 1354 2666 affuisset:
1399 2624 1590 2684 neque
1618 2614 1813 2665 tamen
1843 2604 2115 2664 om'nibus
2143 2603 2471 2664 animorum

264 2702 512 2763 stimulis
540 2700 802 2761 festinari
830 2700 983 2762 adeo
1009 2711 1170 2762 tanta
1201 2721 1290 2762 res
1318 2702 1534 2781 potuit,
1583 2701 1722 2780 quin
1769 2701 1892 2762 dies
1942 2700 2233 2780 trigesima
2265 2720 2301 2760 a
2327 2701 2470 2761 Ver-

265 2798 627 2878 cingetorige
667 2798 948 2877 praedicta
976 2799 1295 2870 transisset,
1346 2808 1553 2878 totque
1598 2798 1722 2858 dies
1771 2798 1889 2871 alii,
1936 2809 2002 2858 ut
2038 2819 2129 2858 res
2174 2817 2328 2876 aegre
2353 2795 2475 2858 amss

267 2896 417 2975 ptius
447 2896 604 2957 trabi
633 2906 848 2974 posset.
931 2896 1088 2955 Tum
1116 2914 1273 2966 vero,
1319 2896 1425 2974 qui
1471 2896 1810 2955 miserorum
1855 2915 1978 2955 mos
2022 2894 2365 2966 communis,
2395 2893 2471 2954 ad

267 2993 512 3058 consilia
564 2992 963 3053 concurritur:
1027 2990 1310 3054 dicuntur
1367 2990 1597 3052 ¹⁰finem
1653 3010 1763 3070 pro
1818 2991 2139 3058 animorum
2196 2990 2474 3051 varietate

269 3088 608 3154 dissimiles:
650 3090 739 3148 his
768 3087 1022 3152 deditio:
1069 3088 1162 3148 bis
1212 3087 1411 3166 placet
1456 3087 1713 3166 eruptio:
1759 3087 1849 3147 his
1893 3088 2015 3148 vit'a
2057 3085 2344 3167 pacifica:
2388 3088 2474 3147 bis

271 3189 517 3250 honesta
547 3205 725 3246 mors.
754 3241 762 3248 .
810 3187 951 3246 Erat
996 3185 1149 3246 int'er
1170 3185 1530 3246 consiliarios
1560 3185 1648 3245 vir
1676 3205 1847 3258 unus,
1872 3205 2103 3265 magna:
2142 3185 2295 3248 inter
2337 3205 2473 3245 suos

270 3283 594 3362 opinionis:
637 3282 802 3361 origo
829 3282 914 3341 illi
940 3282 1224 3354 Alvernn,
1254 3284 1478 3343 clarum
1507 3303 1715 3362 genus,
1746 3284 1927 3343 durus
1954 3282 2198 3352 animus,
2247 3281 2475 3341 inflexi-

271 3381 384 3443 bile
411 3380 804 3460 propositum,
833 3399 1040 3439 nomen
1090 3380 1215 3438 viro
1258 3381 1677 3460 Tritognatus:
1719 3389 1959 3458 propter
1990 3397 2134 3457 'quae
2165 3397 2279 3437 non
2308 3378 2384 3436 ab
2413 3397 2475 3436 re

273 3477 514 3540 fortasse
543 3476 738 3547 suerit,
768 3475 983 3538 auditis
1010 3475 1256 3538 aliorum
1280 3478 1607 3548 sententiis,
1639 3477 1779 3555 qnid
1813 3478 1921 3535 iste
1950 3483 2208 3535 suaserat
2234 3474 2472 3534 audire:

275 3574 537 3653 quamvis
566 3583 761 3634 sutem
790 3574 979 3632 oratio
1008 3573 1138 3650 ejus
1167 3574 1549 3653 longiuscula,
1602 3573 1712 3631 1ηἰιι
1763 3574 1891 3631 haec
1942 3572 2199 3631 omnium
2249 3589 2477 3630 summa

275 3672 408 3734 fait:
455 3669 631 3749 [1⁵6]
671 3669 844 3740 dixit,
893 3675 1031 3729 ‘eos
1075 3670 1177 3748 qui
1221 3671 1578 3732 deditionem
1629 3670 1941 3729 suaderent
1990 3669 2148 3729 ¹²nec
2195 3666 2477 3728 audiendi

279 3769 533 3847 quidem,
586 3766 858 3845 quoniam
904 3765 1138 3826 nomine
1185 3766 1495 3827 deditionis
1544 3764 1763 3825 foedam
1807 3776 1867 3825 et
1895 3765 2160 3825 miseram
2193 3763 2477 3824 suadeant

279 3867 642 3926 servitutem:
683 3883 788 3922 eos
816 3882 953 3922 vero
981 3863 1082 3940 qui
1122 3865 1506 3942 eruptionem,
1536 3862 1775 3922 viriliter
1818 3862 2056 3941 quidem
2102 3861 2284 3939 loqui,
2315 3861 2474 3938 quod

281 3960 423 4022 bene
471 3960 622 4021 mori
669 3959 808 4019 viris
855 3959 1109 4020 fortibus
1152 3960 1558 4039 exoptandum
1585 3959 1688 4018 sit:
1735 3978 1849 4020 non
1899 3967 2092 4018 tamen
2123 3957 2339 4016 utiliter
2366 3974 2475 4016 nec

340 4191 370 4237 7
407 4147 591 4251 Forte,
611 4187 883 4239 omen—8
913 4190 1092 4252 Forte,
1115 4188 1556 4255 beneficiorum—9
1589 4188 1763 4247 Forte,
1797 4181 2129 4233 amatim-*1⁰
2168 4177 2349 4242 Forte,
2366 4191 2476 4228 sen-¹

286 4268 584 4322 lentior-ll
622 4270 801 4335 Forte,
819 4274 978 4321 tamen
998 4271 1098 4322 hac
1117 4272 1473 4322 omum—12
1498 4270 1661 4334 Lege,
1682 4282 1742 4317 ne
1762 4264 2034 4316 maenaa.
2178 4279 2185 4284 ·
