3017 4925
890 404 987 455 nt
1035 400 1215 452 vrrs
1259 402 1464 454 sumt
1513 400 1867 456 crassam.
2090 376 2103 381 ’
2308 384 2479 461 1²82?

259 568 313 628 iri
339 568 573 648 seriptis
596 565 846 627 ⁴¹³rcdita
902 572 922 603 ³
950 575 1015 627 ut
1056 568 1255 628 Caesar
1282 566 1717 647 quamprimum
1748 567 1803 627 in
1835 568 2098 630 Galliam
2139 581 2477 645 revertatur,

260 666 700 744 exercitumque
728 664 1024 724 dimittat:
1069 683 1190 742 quo
1221 664 1382 722 sacto
1402 663 1619 723 iturum
1641 664 1699 723 in
1728 662 2067 744 Hispaniam
2096 669 2478 747 Pompejurn:

257 764 525 843 atioqutn
581 763 727 823 nibil
779 762 856 822 de
908 761 1224 821 dilectibus
1265 760 1585 821 omissuros
1634 763 1908 822 consules
1963 764 2484 845 Pompejumque.'

260 862 474 940 iniqua
501 860 806 940 responsio
833 859 956 919 visa
983 869 1077 918 est
1115 858 1354 929 Caesari,
1399 857 1561 936 quod
1593 879 1654 918 se
1680 858 1877 921 facere
1896 860 2155 937 juberet,
2194 882 2327 923 cum
2359 866 2485 945 ipse

260 959 401 1019 nibil
457 958 572 1018 nisi
620 956 958 1035 promittere
999 976 1060 1016 se
1099 953 1390 1014 facturum
1441 955 1637 1027 veliet,
1685 976 1796 1016 nec
1839 957 1993 1019 diem
2038 961 2338 1038 promissis
2379 981 2484 1041 ap-

259 1064 527 1136 poneret,
556 1074 749 1133 neque
778 1053 1079 1132 colloquio
1105 1062 1336 1132 tempus
1376 1053 1572 1131 daret,
1610 1073 1717 1114 nec
1746 1059 2116 1135 promitteret
2162 1077 2485 1133 accessum,

263 1173 369 1214 nec
399 1152 799 1233 permitteret:
843 1151 978 1211 binc
1003 1149 1264 1229 ⁴''puucis
1294 1149 1624 1230 desperatio
1664 1161 1725 1212 et
1757 1153 1897 1213 betti
1935 1155 2310 1232 praeludium.
2393 1156 2486 1218 M.

261 1250 557 1312 Antonius
614 1268 748 1308 cum
802 1248 1062 1328 quinque
1112 1249 1456 1309 cohortibus
1503 1248 1841 1310 Auximium
1886 1252 2251 1331 praemissus.·
2344 1254 2488 1314 Erat

261 1347 524 1408 Auximii
565 1346 830 1406 ’⁰civitas
873 1345 947 1405 ad
995 1344 1322 1405 custodiam
1361 1344 1628 1405 “Actius
1668 1347 1876 1420 Varus,
1921 1368 2096 1427 quem
2147 1348 2488 1409 decuriones

263 1441 606 1504 Auximiani
637 1461 866 1502 summo
894 1441 1114 1501 adeunt
1154 1460 1443 1501 consensu
1471 1454 1502 1502 z·
1534 1442 1743 1503 dicunt
1800 1453 1817 1479 ‘
1846 1453 2051 1505 notum
2096 1444 2207 1504 sibi
2239 1447 2488 1509 Caesaris

263 1542 593 1601 adventum
617 1559 633 1598 t
679 1558 872 1617 neque
900 1559 1038 1599 vero
1066 1539 1354 1618 propositi
1375 1539 1464 1598 sni
1491 1560 1619 1601 esse
1649 1560 2007 1620 suorumque
2036 1542 2269 1615 civium,
2299 1564 2489 1623 neque

267 1639 605 1698 Romanum
634 1639 1013 1696 ”consonum
1063 1636 1266 1707 videri,
1298 1637 1709 1717 imperatorem
1751 1640 1958 1719 popuii
1996 1640 2267 1712 Romani,
2313 1641 2493 1702 talem

263 1735 454 1794 virum
506 1733 598 1792 sic
652 1732 728 1791 de
781 1732 1024 1811 irnperio
1064 1733 1357 1805 meritum,
1402 1744 1493 1794 tot
1546 1732 1803 1796 uictoriis
1841 1736 2145 1816 insignem,
2200 1738 2493 1799 moenibus

267 1831 430 1892 urbis
459 1830 676 1890 amicae
704 1830 926 1899 arceri;
973 1836 1144 1890 orant
1171 1838 1237 1890 ut
1277 1831 1503 1902 ⁵³same,
1536 1841 1604 1891 ut
1646 1851 1750 1891 suo
1793 1852 2147 1911 suorumque
2176 1833 2493 1895 discrimini

267 1931 407 1990 dnm
437 1938 680 2006 tempus
695 1937 787 1986 est
806 1927 1127 1988 consulat?
1156 1928 1575 2006 hispermotus
1608 1930 1799 1989 Varus
1829 1940 1890 1990 et
1917 1931 2228 2009 perniciem
2266 1931 2497 2004 timens,

266 2027 470 2106 fingam
495 2026 699 2105 arripit
722 2049 738 2097 3
805 2032 863 2084 et
885 2025 1325 2104 insequentibus
1353 2027 1607 2087 Caesaris
1632 2028 1915 2087 militibus
1944 2028 2155 2106 proelio
2184 2028 2497 2089 decernere

268 2128 512 2184 coactus
544 2142 618 2181 ac
653 2121 916 2183 desertus
957 2142 996 2182 a
1024 2123 1161 2195 suis,
1207 2124 1366 2184 solus
1405 2125 1551 2199 abit,
1579 2126 1960 2205 ³“quibusque
2003 2145 2205 2186 eorum
2233 2125 2498 2199 domum,

267 2220 444 2300 [184]
499 2218 632 2278 aliis
674 2217 749 2278 ad
787 2219 1076 2278 Caesarem
1119 2241 1181 2278 se
1210 2221 1685 2283 conserentibus:
1772 2243 1921 2301 quos
1963 2223 2090 2302 ipse
2132 2222 2494 2283 collaudatos

267 2314 521 2393 benigne
556 2315 841 2395 suscepit,
878 2327 939 2377 et
967 2316 1037 2377 L.
1069 2317 1363 2396 Puppium
1402 2319 1799 2379 centurionem
1829 2319 2009 2398 partis
2036 2318 2299 2379 adversas
2327 2319 2402 2378 ad
2435 2339 2498 2378 se

268 2414 604 2476 adductum
645 2413 808 2474 ittieo
854 2413 1096 2474 relaxari
1136 2434 1210 2475 ac
1264 2414 1480 2480 dimitti
1526 2416 1731 2495 jubet.
1812 2416 2154 2478 Auximium
2212 2416 2499 2495 ingressus

268 2514 498 2574 civibus
527 2512 741 2591 gratias
765 2512 905 2591 agit,
946 2522 1125 2591 atque
1151 2512 1384 2573 iliorum
1425 2533 1565 2591 erga
1598 2532 1729 2572 eum
1760 2513 2064 2573 charitatis
2095 2513 2252 2572 haud
2299 2514 2501 2573 imme·
2529 2526 2539 2536 ‘

272 2629 499 2671 norem
551 2625 613 2668 se
663 2608 928 2668 futurum
979 2611 1247 2687 spondet.
1333 2609 1568 2679 Quibus
1627 2610 1837 2670 Romae
1891 2609 2158 2688 coguitis,
2216 2611 2500 2668 ”tantum

273 2725 464 2788 pavor
488 2703 754 2768 omnium
778 2713 999 2765 mentes
1025 2705 1256 2777 invasit,
1286 2715 1351 2766 ut
1379 2703 1525 2765 urbe
1546 2704 1667 2765 fere
1693 2725 1896 2766 omnes
1927 2705 2311 2772 excederent:
2368 2704 2503 2783 ipsi·

276 2823 392 2885 que
419 2803 717 2874 consules,
741 2811 923 2883 atque
952 2803 1080 2880 ipse
1105 2803 1464 2881 Pompejus;
1503 2811 1701 2862 actum
1724 2801 1843 2862 suis
1871 2803 1944 2862 de
1973 2804 2147 2863 rebus
2173 2803 2501 2882 opinantes,

277 2913 337 2964 et
381 2919 459 2963 ex
491 2900 857 2978 uniusoptdi
895 2911 1110 2960 eventu
1137 2900 1331 2960 omnia
1386 2899 1719 2971 metientes;
1770 2899 1980 2961 mirum
2009 2899 2197 2973 valde,
2242 2899 2401 2959 unde
2443 2900 2503 2959 in

277 3010 397 3060 tam
425 2998 625 3077 parvis
652 2997 860 3058 animis
890 3005 1012 3057 tam
1040 3015 1252 3077 magna
1276 2998 1575 3077 superbia,
1599 3007 1664 3058 ut
1692 2998 1821 3077 ejus
1846 2999 1951 3058 viri
1983 3000 2221 3060 meritos
2250 3000 2504 3058 honores

280 3113 350 3157 ue
401 3096 652 3176 gloriam
689 3105 811 3154 tam
857 3095 1234 3173 pertinaciter
1287 3096 1703 3168 detractarent,
1750 3097 1921 3175 cujus
1964 3115 2075 3156 nec
2120 3105 2506 3175 conspectum

283 3203 444 3254 certe
498 3212 576 3252 ne
633 3190 958 3252 ⁸⁶viciniam
1001 3194 1127 3271 pati
1174 3202 1435 3272 possent,
1475 3201 1536 3252 et
1581 3195 1853 3272 patriam,
1904 3203 1965 3254 et
2021 3195 2195 3254 talem
2236 3193 2504 3271 patriam,

285 3291 472 3352 sotum
511 3290 590 3349 ad
637 3289 790 3350 itlius
817 3309 1032 3350 nomen
1061 3289 1372 3349 universali
1396 3289 1723 3349 ani-morum
1767 3290 2236 3350 consternatione
2274 3287 2507 3347 desere-

283 3397 442 3449 rent:
488 3385 596 3446 sed
629 3387 875 3465 urgebat
902 3387 1038 3447 hinc
1058 3386 1306 3458 invidiag
1362 3386 1498 3447 inde
1523 3395 1717 3446 autem
1746 3387 2002 3447 terrebat
2029 3385 2186 3445 fama
2212 3383 2338 3454 viri,
2372 3401 2506 3462 quae

285 3497 550 3564 eousque
571 3493 857 3556 creverat,
878 3491 942 3543 ut
967 3483 1442 3543 clementissimus
1471 3483 1750 3555 omnium,
1773 3502 1895 3560 prae
1924 3481 2194 3541 omnibus
2223 3491 2402 3559 atque
2428 3479 2507 3539 ab

291 3583 564 3643 omnibus
587 3582 918 3641 timeretur.
969 3581 1079 3640 His
1105 3580 1181 3639 ad
1205 3580 1503 3639 Auxinum
1537 3579 1741 3658 gestist
1796 3579 2076 3638 Picenum
2105 3597 2298 3649 omne,
2331 3576 2507 3653 cujus

291 3679 425 3740 olim
456 3679 766 3750 Esculum,
812 3678 987 3739 hodie
1015 3681 1224 3738 Ancon
1255 3688 1346 3739 est
1364 3687 1569 3757 caput,
1602 3677 1763 3737 nullo
1792 3695 2041 3757 usquam
2064 3674 2508 3735 contradicente

293 3785 663 3855 pervagatur.
726 3775 839 3835 Sed
871 3777 1092 3835 cunctis
1118 3775 1224 3835 sibi
1268 3775 1512 3834 urbibus
1540 3783 1721 3853 atque
1748 3772 1939 3854 opidis
1968 3772 2203 3832 obviam
2226 3772 2510 3832 mittenti-

297 3872 445 3946 bus3
493 3873 749 3951 Cingulo
779 3892 1035 3951 quoque,
1060 3872 1221 3952 quod
1250 3870 1494 3951 opidum
1525 3889 1633 3930 suo
1663 3879 1901 3948 sumptu
1931 3868 2223 3929 Labienus
2249 3880 2516 3927 extruxe-

297 3981 405 4041 rat,
455 3969 655 4048 legati,
701 3969 956 4028 auctoris
1000 3970 1387 4040 immemores,
1432 3968 1725 4027 Caesarem
1766 3968 2070 4038 adeuntes,
2121 3986 2180 4025 se
2228 3967 2512 4042 imperata

303 4205 310 4218 ,
368 4151 431 4198 48
453 4149 616 4214 lage,
633 4146 840 4196 reddita.
842 4152 972 4198 -49
993 4148 1153 4211 Lege,
1169 4147 1316 4211 pacis.
1317 4151 1449 4196 —50
1472 4148 1632 4212 Lege,
1645 4146 1876 4197 mortam
1879 4150 2005 4196 -51
2032 4141 2245 4204 Coesari,
2263 4139 2445 4191 Attius.
2446 4167 2516 4179 --

309 4232 372 4278 52
395 4230 658 4279 Consonum
681 4225 886 4277 videtur
908 4228 1185 4277 delendum
1207 4241 1320 4277 esse
1327 4231 1473 4278 .-53
1498 4227 1833 4295 Lege,luutae.
1832 4230 1962 4277 —54
1986 4225 2164 4292 Forte,
2180 4221 2517 4289 aliquibusqua,

309 4314 433 4361 —65
457 4310 618 4376 Lege,
635 4312 802 4360 taam
804 4314 950 4364 .—-56
971 4310 1149 4372 Forte,
1168 4324 1252 4360 m
1270 4293 1513 4365 vicinium
