3017 4925
535 392 711 463 1794
1137 401 1244 452 J.
1287 398 1500 449 cmm
1548 392 2086 446 counamsmr

535 575 783 639 magnos
810 553 1072 634 undique
1097 560 1518 629 consurgentes
1540 547 1830 608 40montes
1855 544 2069 607 Gallim
2098 539 2480 623 praevidebat.
2519 541 2572 579 ⁴¹
2581 540 2743 601 Dn-

407 660 422 679 ⁸
541 656 761 717 interea
787 650 1064 732 quaedam
1108 648 1223 708 sibi
1267 656 1483 725 prater
1529 663 1691 724 spem
1740 640 2122 722 prosperioris
2148 647 2389 700 eventus
2410 636 2654 699 occasio
2678 654 2746 696 se

541 750 827 813 ostendit.
871 748 1022 809 forte
1049 745 1201 807 enim
1229 745 1288 803 in
1310 763 1445 803 eum
1474 741 1705 812 collem,
1733 758 1911 818 quem
1939 746 2183 817 captum
2208 744 2271 796 et
2297 733 2745 805 communitum,

543 848 750 909 castris
796 843 1119 906 minoribus
1158 841 1530 935 deputatum,
1559 836 1838 914 fossaque
1885 832 2206 912 majoribus
2246 829 2450 891 castris
2488 829 2748 907 adjunc-

521 955 672 1006 ·tum
693 940 1165 1011 memoravimus,
1194 926 1497 1017 spectandi
1526 934 1713 1014 gratia
1732 931 2179 1002 conscendenti;
2209 928 2382 1007 [141]
2406 927 2572 989 collis
2596 926 2750 987 alter

544 1041 627 1103 ab
647 1040 913 1101 hostibus
935 1055 1260 1117 possessus,
1284 1033 1557 1114 apparuit
1577 1050 1801 1092 vacuus
1825 1026 2124 1099 custodiis,
2146 1027 2363 1106 quibus
2386 1023 2754 1085 confertissi-

545 1157 675 1199 rnus
718 1156 843 1197 esse
889 1140 1288 1195 consueverat.
1385 1130 1548 1191 Tum
1602 1147 1918 1208 parumper
1962 1124 2207 1204 gradum
2249 1121 2381 1185 fixit
2424 1120 2749 1191 admirans,

545 1233 749 1312 reique
775 1250 1011 1292 causam
1038 1228 1312 1309 quoesivit
1338 1247 1412 1287 ex
1440 1226 1728 1306 profugis,
1756 1225 1945 1305 quiin
1970 1222 2095 1283 dies
2120 1220 2197 1282 ad
2226 1241 2362 1281 eum
2391 1218 2563 1281 multi
2588 1216 2752 1279 veni-

545 1330 749 1400 ebant,
776 1328 941 1389 audit
965 1347 1039 1387 ex
1064 1327 1155 1397 iis,
1183 1324 1346 1406 quod
1373 1324 1449 1386 ab
1477 1321 1949 1402 exploratoribus
1979 1319 2100 1381 suis
2117 1320 2246 1397 jam
2274 1316 2434 1397 prius
2461 1315 2753 1386 audierat,

547 1445 751 1487 onmes
767 1425 906 1486 inde
932 1436 1210 1487 evocatos
1239 1421 1316 1483 ad
1344 1420 1693 1483 muniendos
1719 1419 1912 1480 aditus
1933 1418 2048 1479 loci
2075 1416 2335 1486 alterius.
2362 1413 2461 1475 cui
2500 1411 2754 1473 maxine

545 1522 923 1593 metuebant:
971 1519 1135 1600 quod
1162 1518 1301 1580 inde
1328 1519 1569 1598 planum
1590 1517 1699 1577 iter
1723 1526 1878 1577 esset
1896 1515 1974 1577 ad
2001 1513 2271 1594 opidum:
2319 1531 2494 1590 quem
2522 1509 2755 1573 aditum

549 1619 601 1681 si
629 1617 880 1680 Romani
928 1626 1224 1695 caperent,
1255 1616 1360 1693 qui
1402 1615 1616 1675 collem
1657 1614 1906 1674 alterum
1942 1612 2074 1690 jam
2123 1611 2438 1680 baberent;
2484 1617 2613 1668 tum
2644 1604 2757 1668 sibi

547 1732 790 1793 prorsus
816 1712 1043 1773 obsessi
1068 1720 1128 1773 et
1155 1711 1362 1773 seclusi
1388 1730 1424 1771 a
1451 1711 1585 1781 suis,
1615 1718 1678 1770 et
1712 1708 1937 1770 exclusi
1976 1709 2054 1768 ab
2082 1707 2239 1768 omni
2266 1707 2452 1766 libero
2478 1703 2757 1764 discursu

549 1819 730 1889 atque
757 1829 793 1870 a
819 1808 1038 1888 pabulo
1064 1808 1429 1870 videbantur.
1516 1808 1654 1868 Hoc
1680 1807 1886 1869 audito
1912 1825 2116 1867 recens
2142 1804 2425 1884 cogitatio
2466 1797 2758 1882 percussit

551 1914 794 1987 repente
832 1905 1113 1975 animum,
1157 1904 1357 1964 locum
1403 1905 1566 1964 illum
1614 1903 1970 1984 occupandi.
2053 1903 2194 1962 Erat
2222 1909 2419 1962 autem
2461 1908 2675 1961 natura
2698 1906 2762 1961 et

551 2022 731 2063 manu
756 2002 1059 2063 bominum
1100 2001 1354 2081 aggestis
1397 2002 1742 2080 perplexum
1791 2001 1900 2061 iter
1942 1999 2125 2061 saxis:
2167 2006 2230 2059 et
2254 2016 2428 2076 super
2450 1996 2760 2077 duplicem

553 2097 981 2168 difficultatem,
1027 2098 1142 2158 tria
1192 2097 1278 2158 ibi
1323 2097 1576 2158 hostium
1624 2108 1818 2158 castra
1859 2095 2210 2157 munitiones
2246 2093 2612 2155 insederant:
2656 2093 2762 2157 sed

552 2193 811 2257 difficilia
862 2203 1078 2255 cuncta
1120 2213 1498 2274 perrumpere
1555 2192 1734 2254 virtus
1786 2201 1962 2254 amat.
2046 2191 2375 2253 ostentatis
2428 2189 2761 2269 legionibus

555 2290 720 2371 quasi
742 2291 899 2353 aliud
927 2300 1080 2354 esset
1109 2299 1370 2363 acturus,
1396 2302 1458 2352 et
1499 2292 1615 2365 hac
1657 2291 1791 2351 illac
1835 2311 1945 2369 per
1988 2289 2259 2351 tenebras
2292 2288 2497 2350 noctis
2542 2307 2762 2369 magno

555 2389 803 2468 strepitu
830 2388 1153 2450 discurrere
1184 2388 1365 2469 jussis
1391 2388 1717 2469 equitibus,
1744 2400 1805 2450 et
1848 2387 2125 2449 immixtis
2171 2387 2363 2447 turbas
2401 2385 2762 2449 mulionibus

554 2485 815 2565 galeatis,
842 2488 1183 2566 quomajor
1207 2507 1280 2550 ac
1309 2487 1660 2566 strepentior
1686 2496 1883 2548 motus
1915 2495 2086 2556 esset,
2129 2485 2509 2564 omniumque
2532 2484 2761 2545 animos

555 2602 753 2643 errore
793 2603 866 2644 ac
915 2602 1130 2663 pavore
1177 2584 1356 2657 vario,
1403 2592 1585 2663 atque
1627 2583 1855 2645 incerta
1897 2582 2303 2663 expectatione
2344 2581 2758 2660 suspenderetg

555 2679 680 2759 ipse
704 2679 972 2742 hostibus
998 2681 1059 2740 in
1089 2681 1486 2760 suspicionem
1530 2680 1825 2760 trepidam
1865 2679 2191 2756 adductisg
2218 2678 2424 2758 legatis
2464 2680 2764 2759 legionum

560 2775 706 2855 quid
752 2784 918 2854 paret
962 2776 1171 2856 aperit,
1222 2787 1628 2856 quantumque
1662 2775 1939 2855 periculi:
1980 2776 2544 2855 ⁴²adversus.quam
2587 2797 2766 2839 occa·

558 2871 719 2932 sione
747 2891 863 2931 non
892 2871 1100 2949 proelio
1148 2872 1225 2932 sit
1268 2872 1573 2933 utendum.
1658 2874 1743 2934 Ut
1788 2874 2004 2933 milites
2048 2894 2188 2953 ergo
2236 2895 2375 2937 suos
2418 2876 2765 2938 contineant

559 2977 779 3040 monet,
809 2978 988 3046 atque
1018 2967 1263 3046 imperat
1290 2990 1365 3031 ne
1393 2969 1483 3029 vel
1511 2990 1726 3049 pugnae
1755 2972 1848 3034 vel
1874 2972 2095 3051 praedae
2119 2971 2435 3034 dulcedine
2460 2972 2768 3052 rapiantur

562 3082 685 3142 quo
711 3083 828 3124 non
857 3064 1121 3142 expedit.
1221 3065 1322 3127 Sic
1360 3086 1498 3126 suos
1526 3067 1762 3138 affatus,
1790 3068 2014 3128 AEduos
2037 3087 2284 3129 ascensu
2313 3069 2428 3129 alio
2457 3069 2535 3129 ad
2562 3080 2766 3149 portas

560 3159 725 3239 opidi
767 3158 1062 3238 proficisci
1080 3160 1278 3239 jubet.
1360 3162 1505 3222 Inde
1534 3163 1654 3224 suis
1681 3164 1962 3226 militibus
1991 3166 2274 3245 signum⁴³
2327 3187 2449 3245 quo
2490 3178 2765 3247 accepto,

558 3254 942 3334 rapidissime,
972 3257 1133 3317 unde
1182 3277 1330 3319 unus
1379 3277 1658 3319 ascensus
1705 3259 2012 3333 videretur,
2056 3260 2134 3322 ad
2182 3262 2535 3323 munitiones
2563 3263 2767 3325 obvias

560 3352 938 3433 perveniunt:
983 3354 1200 3433 quibus
1245 3355 1410 3422 dicto
1438 3356 1612 3418 citius
1659 3359 2030 3430 transmissis,
2080 3359 2229 3420 trina
2274 3359 2529 3422 bostium
2570 3372 2768 3422 castra

563 3449 909 3529 corripiunt,
939 3459 1104 3512 tanta
1130 3452 1447 3526 celcritate,
1472 3463 1539 3514 ut
1562 3453 1952 3514 “votimarus
1984 3474 2132 3516 unus
2160 3476 2193 3515 e
2222 3457 2435 3534 regulis
2454 3458 2767 3520 Gallorum

563 3545 705 3606 dnm
737 3546 1138 3609 meridiaretur
1163 3548 1221 3607 in
1250 3549 1468 3609 lectulo
1498 3549 1913 3629 deprehensus,
1941 3552 2117 3629 [142]
2158 3554 2254 3613 vix
2280 3573 2488 3614 manus
2516 3555 2767 3617 militum

564 3641 933 3721 semisopitus
985 3653 1048 3703 et
1095 3646 1433 3706 seminudus
1475 3646 1744 3707 evaserit.
1826 3648 2024 3710 Caesar
2065 3647 2170 3709 ubi
2217 3650 2379 3728 quod
2425 3650 2619 3711 animo
2662 3651 2769 3714 de-

566 3749 830 3800 creverat
872 3750 1072 3801 actum
1121 3742 1299 3814 videt,
1349 3744 1607 3821 receptui
1655 3744 1785 3804 cani
1829 3745 2110 3824 imperat:
2153 3746 2416 3808 substitit
2448 3748 2603 3826 legio
2632 3769 2768 3827 qum

565 3837 902 3918 propinqua
926 3848 1082 3900 erat:
1128 3841 1309 3903 altera
1338 3859 1476 3902 vero
1503 3842 1799 3913 remotior,
1848 3844 2017 3903 ⁴⁵ceu
2064 3841 2229 3920 signo
2277 3863 2384 3923 per
2430 3831 2774 3908 distantiam*

630 4082 696 4130 ⁴0
729 4079 905 4145 Forte,
932 4084 1228 4131 κῆαι-41
1263 4083 1440 4147 Forte,
1479 4086 1751 4136 Cam-42
1783 4086 2009 4138 Videtur
2045 4087 2309 4152 omissum,
2327 4089 2379 4139 ιἰι
2401 4090 2659 4155 iniquitate
2682 4092 2771 4143 locs·

563 4158 632 4210 εει
653 4160 873 4223 mnas.
906 4161 1027 4212 vm.
1055 4162 1193 4213 cm.
1228 4177 1324 4216 vu.
1357 4170 1569 4218 ⁴7.—-48
1603 4166 1777 4233 Adde,
1807 4157 2087 4223 acaia-'44
2118 4170 2282 4238 Lege,
2324 4172 2670 4225 The-tomam
2704 4188 2770 4225 ex

513 4315 528 4328 .
568 4240 921 4295 casare—45
959 4243 1136 4311 Forte,
1155 4260 1255 4297 seu·
