3017 4925
1066 460 1130 507 o.
1172 459 1378 509 suun
1428 458 1786 508 cAEsAms.
2343 445 2519 513 2053

384 608 561 670 fitter.
588 609 666 670 Τ.
699 626 747 670 1.
788 630 851 690 p.
884 619 1024 672 448.
1056 631 1191 690 sqq.
1278 613 1562 692 Separato
1594 611 1887 672 volumine
1915 611 2288 673 continentur
2316 617 2519 675 Anno·

387 708 635 775 tationes
684 709 983 779 Glareani,
1033 729 1170 787 quoe
1214 711 1420 768 eodem
1450 729 1607 769 auno
1654 708 1929 789 prodiere
1975 710 2085 770 hoc
2137 710 2349 773 titulo:
2398 720 2414 745 ⁶
2445 713 2517 772 In

326 816 332 822 ’
381 806 456 866 C.
481 805 627 868 Julii
653 806 900 866 Caesaris
944 806 1246 866 clarissimi
1287 807 1461 866 Rom.
1519 807 1897 886 Imperatoris
1940 807 2411 868 Commentarios
2438 809 2513 870 de

307 952 312 963 .
387 903 545 964 bello
573 900 785 980 gallico
811 923 884 962 ac
912 903 1070 962 civili
1093 903 1640 964 Henrici‘Glareani
1668 911 1863 983 poetae
1890 903 2133 966 laureati
2161 906 2518 966 Annotatio-

381 1020 504 1060 nes.
552 1000 819 1079 Friburgi
861 1001 1221 1079 Brisgoviae.’
1283 1008 1340 1061 8.
1425 1000 1735 1081 Inscripsit
1784 1002 1891 1063 has
1936 1023 2071 1062 suas
2097 1004 2510 1065 annotationes

380 1098 711 1158 Glareanus
741 1099 1070 1158 nominibus
1100 1099 1398 1160 Guidonis
1423 1100 1931 1179 atqueProsperi,
1962 1120 2371 1181 generosorum
2402 1104 2518 1163 Ba-

383 1214 594 1260 ronum
622 1216 660 1255 a
685 1197 1006 1269 Gebennis,
1037 1198 1310 1276 epistola,
1343 1199 1482 1259 Kal.
1519 1197 1736 1277 Aprilis
1767 1186 2038 1276 Frffinrgi
2068 1199 2387 1274 Brisgoviae
2412 1218 2512 1261 an.

386 1298 565 1354 1538.
611 1294 849 1372 scripta,
899 1295 954 1354 in
985 1314 1102 1374 qua
1137 1316 1336 1355 earum
1385 1294 1585 1356 reddit
1628 1296 1933 1366 rationem,
1983 1304 2045 1355 et
2087 1296 2285 1356 AEneoe
2333 1296 2515 1377 Sylvii

378 1389 755 1469 aliorumque
782 1411 1025 1462 errores,
1073 1411 1224 1471 qnos
1253 1392 1309 1451 in
1341 1393 1521 1453 veteri
1565 1393 1922 1473 geographia
1949 1393 2329 1464 admiserunt,
2382 1414 2517 1473 per-

381 1488 635 1567 stringit.
695 1490 1018 1568 Epistulam
1042 1490 1267 1570 excipit
1299 1492 1480 1551 Index
1509 1512 1733 1564 mum,
1785 1510 1919 1571 quae
1944 1491 2003 1549 in
2030 1489 2514 1553 annotationibus

376 1586 684 1646 enucleata
712 1578 1092 1666 reperiuntur.
1177 1587 1453 1666 Adjectae
1480 1598 1687 1698 postea
1717 1588 1955 1648 fuerunt
1981 1589 2073 1647 hoe
2100 1588 2510 1650 annotationes

295 1722 310 1729 -
381 1682 580 1741 multis
605 1683 853 1743 Caesaris
879 1683 1255 1755 editionibus,
1284 1693 1345 1744 et
1372 1686 1614 1746 seorsim
1648 1685 1926 1766 Lugduni
1959 1683 2133 1745 1546.
2182 1695 2238 1746 8.
2287 1704 2511 1747 recusas

294 1816 310 1825 -
379 1778 751 1858 prodierunt.

291 1909 381 1923 ——
420 1878 772 1957 Gryphiana
804 1896 883 1939 11.
913 1879 1208 1959 Lugduni,
1239 1879 1397 1959 apud
1429 1882 1571 1942 Seb.
1602 1881 1959 1962 Gryphium.
2012 1890 2106 1943 12.

291 2006 382 2021 --
421 1975 687 2036 Basileae.
731 1986 792 2040 8.
835 1978 958 2038 sine
985 1979 1222 2039 nomine
1249 1979 1625 2059 typographi.

297 2080 464 2143 1539
508 2073 756 2135 Parisiis.
800 2084 860 2138 8.
902 2077 1064 2156 apud
1094 2078 1304 2137 Franc.
1350 2077 1690 2157 Gryphium
1734 2095 1791 2136 c.
1822 2073 1964 2155 figg.
2050 2076 2126 2136 Et
2174 2075 2307 2137 hec
2334 2073 2515 2136 editio

381 2170 703 2232 rarioribus
731 2173 892 2233 libris
919 2184 1361 2236 annumeratur.

292 2300 383 2317 --—
423 2268 692 2329 Basileae.
728 2278 785 2331 8.
822 2272 893 2332 C.
923 2272 1068 2332 Juiii
1097 2273 1348 2333 Caesaris
1373 2270 1811 2333 commentarii.
1855 2271 2007 2340 Quae
2034 2270 2092 2330 in
2122 2270 2232 2329 hac
2260 2268 2518 2330 editione

379 2364 626 2444 adjecta
668 2367 805 2441 siut,
856 2368 1078 2447 quibus
1107 2369 1391 2429 hactenus
1418 2367 1680 2427 omnium
1722 2367 2011 2427 editiones
2041 2375 2376 2438 caruerunt,
2431 2387 2521 2427 se-

378 2482 567 2543 quens
595 2465 824 2544 pagella
848 2465 1108 2527 docebit.
1193 2466 1436 2527 Basiieae
1464 2484 1572 2544 per
1597 2464 1737 2526 Nic.
1773 2464 2195 2543 Brylingerum.
2277 2464 2426 2523 Haec
2456 2462 2515 2523 in

382 2560 576 2621 titulo.
660 2562 880 2642 Pagina
905 2583 1104 2624 aversa
1132 2564 1405 2643 leguntur
1431 2571 1715 2623 contenta
1742 2561 1800 2620 in
1833 2563 1946 2621 hoc
1968 2559 2301 2620 volumine:
2347 2559 2516 2619 Com-

381 2659 797 2720 mentariorum
825 2658 900 2720 de
929 2661 1086 2722 bello
1112 2659 1500 2722 Gailicolibri
1528 2673 1688 2718 vul.
1734 2659 1829 2717 De
1855 2656 2014 2717 bello
2030 2655 2203 2716 Civili
2230 2655 2365 2714 libri
2400 2671 2512 2714 111.

383 2756 786 2817 Alexandrino
810 2757 916 2819 lib.
944 2774 993 2818 1.
1056 2756 1474 2818 Africano-lib.
1509 2771 1559 2815 1.
1620 2753 1997 2835 Hispaniensi
2022 2753 2127 2813 lib.
2161 2768 2210 2812 1.
2276 2752 2520 2812 Pictura

381 2852 600 2913 Gallim
627 2855 808 2915 totius
833 2865 898 2916 et
924 2855 1250 2935 Hispania.
1309 2856 1547 2916 Pictura
1577 2853 1774 2933 pontis
1797 2853 1850 2912 in
1882 2852 2112 2922 Rheno,
2140 2854 2259 2910 dcc.
2329 2850 2520 2910 Loco·

379 2970 535 3022 run,
584 2952 815 3013 urbium
839 2963 904 3014 et
931 2953 1286 3033 populorum
1313 2952 1576 3022 nomina,
1604 2954 1718 3010 ὅτε.
1817 2950 2105 3010 Praeterea
2129 2967 2237 3007 nos
2263 2945 2519 3006 editione
2620 2941 2629 2958 ⁸

381 3047 482 3108 illa
501 3047 867 3114 addidimus:
903 3063 956 3112 1.
999 3052 1468 3130 Descriptionem
1496 3048 1758 3129 Alpium,
1790 3056 1851 3107 et
1872 3045 2241 3127 quorundam
2269 3043 2521 3104 aliorum

382 3148 673 3208 locorum.
757 3157 816 3209 2.
846 3149 1085 3209 Navalis
1114 3150 1196 3208 rei
1225 3150 1532 3220 vocabula,
1563 3146 1783 3226 quibus
1813 3145 1999 3205 utitur
2023 3143 2239 3204 Caesar.
2303 3151 2363 3204 3.
2395 3143 2523 3203 No·

380 3244 546 3305 mina
591 3245 893 3306 civitatum
941 3245 1316 3308 Germanice.
1399 3255 1461 3306 4.
1512 3244 1892 3322 Propriorum
1935 3240 2236 3301 nominum
2284 3255 2523 3299 nonien-

382 3343 697 3404 claturam.
778 3344 1132 3404 5.1ndicem
1162 3343 1456 3404 dictorum
1484 3353 1545 3404 et
1575 3342 1890 3410 factorum,
1921 3358 2100 3418 quem
2128 3336 2289 3396 nulla
2314 3336 2520 3406 editio,

379 3440 460 3501 sit
483 3460 880 3520 quaecunque,
910 3461 1086 3520 quam
1114 3461 1221 3501 nos
1253 3440 1526 3512 vidimus,
1560 3437 1788 3498 habuit.

303 3546 466 3601 1540
510 3539 857 3619 Gryphiana
888 3555 998 3599 111.
1065 3538 1356 3617 Lugduni,
1386 3537 1550 3618 apud
1581 3537 1719 3595 Seb.
1750 3532 2105 3614 Gryphium.
2139 3540 2197 3592 8.
2261 3528 2523 3591 Extabat
2570 3529 2573 3532 ’

381 3636 444 3695 in
473 3635 839 3696 bibliotheca
869 3639 1212 3709 Crevennae,
1243 3647 1392 3698 teste
1420 3635 1712 3712 catalogo
1737 3633 1815 3692 T.
1846 3648 1910 3690 v.
1941 3649 2004 3711 p.
2038 3637 2174 3691 153.

299 3742 464 3797 1⁵:13
506 3734 858 3814 Gryphiana
889 3751 983 3796 lv.
1028 3735 1321 3814 Lugduni,
1349 3733 1513 3815 apud
1544 3733 1683 3794 Seb.
1715 3729 2074 3811 Gryphium.
2121 3736 2179 3789 8.

295 3865 382 3880 —-
424 3831 691 3892 Basileae.
737 3840 794 3894 8.
842 3853 980 3893 cum
1008 3835 1108 3894 Jo.
1151 3831 1476 3894 Rhellicani
1502 3830 1768 3909 Tigurini
1798 3826 1950 3887 notis
1989 3825 2110 3886 sive
2137 3817 2525 3904 praelectioni-

381 3929 500 3988 bus
543 3927 602 3987 in
648 3930 1172 3989 Caesareum—Has
1221 3929 1634 4010 praelectiones
1681 3924 1831 3986 ordo
1882 3923 2290 4002 theologorum
2341 3914 2521 3977 Paris.

383 4026 724 4107 postulante
754 4027 1138 4087 Procuratore
1161 4027 1342 4107 regio,
1383 4023 1700 4086 examinari
1721 4020 1946 4102 jussit!

295 4157 382 4173 —
423 4122 677 4183 Parisiis.
720 4123 834 4183 fol.
867 4125 940 4184 C.
968 4124 1004 4185 J
1011 4124 1110 4184 ulii
1138 4125 1392 4184 Caesaris
1427 4141 1624 4184 rerum
1665 4139 1702 4180 a
1731 4139 1794 4179 se
1823 4126 2119 4197 gestarum
2145 4112 2520 4172 Commenta·

382 4219 475 4293 rii,
503 4225 623 4280 διο.
683 4220 900 4280 Omnia
928 4222 1157 4298 collatis
1184 4221 1431 4282 vetustis
1460 4219 1889 4297 exemplaribus
1914 4225 2030 4275 tam
2061 4207 2317 4286 scriptis,
2341 4223 2523 4286 quam

383 4316 707 4398 impressis,
753 4327 1034 4379 accurate
1080 4317 1409 4379 emendata.
1496 4316 1739 4378 Pictura
1766 4312 1949 4375 totius
1978 4304 2210 4378 Galliae,
2254 4309 2373 4364 &m
2414 4321 2523 4384 per
