<?xml version="1.0" encoding="UTF-8"?>
<!DOCTYPE html PUBLIC "-//W3C//DTD XHTML 1.0 Transitional//EN"
    "http://www.w3.org/TR/xhtml1/DTD/xhtml1-transitional.dtd">
<html xmlns="http://www.w3.org/1999/xhtml" xml:lang="en" lang="en">
 <head>
  <title>
</title>
<meta http-equiv="Content-Type" content="text/html;charset=utf-8" />
  <meta name='ocr-system' content='tesseract 3.04.00' />
  <meta name='ocr-capabilities' content='ocr_page ocr_carea ocr_par ocr_line ocrx_word'/>
</head>
<body>
  <div class='ocr_page' id='page_1' title='image "./cjuliicaesariso00plutgoog_0114.png"; bbox 0 0 3017 4925; ppageno 0'>
   <div class='ocr_carea' id='block_1_1' title="bbox 453 378 2127 451">
    <p class='ocr_par' dir='ltr' id='par_1_1' title="bbox 453 378 2127 451">
     <span class='ocr_line' id='line_1_1' title="bbox 453 378 2127 451; baseline -0.005 -2"><span class='ocrx_word' id='word_1_1' title='bbox 453 378 636 451; x_wconf 70' lang='lat'>1⁷34</span> <span class='ocrx_word' id='word_1_2' title='bbox 1110 394 1169 445; x_wconf 71' lang='lat' dir='ltr'>J.</span> <span class='ocrx_word' id='word_1_3' title='bbox 1189 393 1427 444; x_wconf 78' lang='lat' dir='ltr'>-.cnt.s1</span> <span class='ocrx_word' id='word_1_4' title='bbox 1475 393 2013 443; x_wconf 64' lang='lat' dir='ltr'>cosmam-Anu</span> <span class='ocrx_word' id='word_1_5' title='bbox 2106 394 2127 407; x_wconf 72' lang='grc'><strong>“</strong></span> 
     </span>
    </p>
   </div>
   <div class='ocr_carea' id='block_1_2' title="bbox 431 530 2679 4038">
    <p class='ocr_par' dir='ltr' id='par_1_2' title="bbox 431 530 2679 4038">
     <span class='ocr_line' id='line_1_2' title="bbox 431 530 2669 628; baseline -0.004 -19"><span class='ocrx_word' id='word_1_6' title='bbox 431 546 848 628; x_wconf 81' lang='lat' dir='ltr'>‘improvidam</span> <span class='ocrx_word' id='word_1_7' title='bbox 890 546 1168 624; x_wconf 83' lang='lat' dir='ltr'>pietatem</span> <span class='ocrx_word' id='word_1_8' title='bbox 1208 554 1266 605; x_wconf 88' lang='lat' dir='ltr'>et</span> <span class='ocrx_word' id='word_1_9' title='bbox 1315 543 1549 605; x_wconf 79' lang='lat' dir='ltr'>facilem</span> <span class='ocrx_word' id='word_1_10' title='bbox 1572 545 1768 604; x_wconf 71' lang='lat' dir='ltr'>nimis</span> <span class='ocrx_word' id='word_1_11' title='bbox 1808 542 2227 622; x_wconf 75' lang='lat' dir='ltr'>indulgentiam</span> <span class='ocrx_word' id='word_1_12' title='bbox 2273 530 2669 608; x_wconf 54' lang='lat' dir='ltr'>cneorum:</span> 
     </span>
     <span class='ocr_line' id='line_1_3' title="bbox 460 638 2669 729; baseline -0.004 -23"><span class='ocrx_word' id='word_1_13' title='bbox 460 648 635 729; x_wconf 77' lang='lat'>[128]</span> <span class='ocrx_word' id='word_1_14' title='bbox 673 644 1128 725; x_wconf 86' lang='lat' dir='ltr'>permittendum</span> <span class='ocrx_word' id='word_1_15' title='bbox 1169 642 1421 703; x_wconf 66' lang='lat' dir='ltr'>fortunae</span> <span class='ocrx_word' id='word_1_16' title='bbox 1449 662 1558 702; x_wconf 91' lang='lat' dir='ltr'>suo</span> <span class='ocrx_word' id='word_1_17' title='bbox 1604 643 1745 719; x_wconf 85' lang='lat' dir='ltr'>jure</span> <span class='ocrx_word' id='word_1_18' title='bbox 1801 643 1905 713; x_wconf 87' lang='lat' dir='ltr'>uti,</span> <span class='ocrx_word' id='word_1_19' title='bbox 1948 641 2111 720; x_wconf 77' lang='lat' dir='ltr'>quod</span> <span class='ocrx_word' id='word_1_20' title='bbox 2142 640 2225 700; x_wconf 88' lang='lat' dir='ltr'>illi</span> <span class='ocrx_word' id='word_1_21' title='bbox 2253 660 2389 701; x_wconf 89' lang='lat' dir='ltr'>cum</span> <span class='ocrx_word' id='word_1_22' title='bbox 2440 638 2669 716; x_wconf 83' lang='lat' dir='ltr'>ubique</span> 
     </span>
     <span class='ocr_line' id='line_1_4' title="bbox 459 735 2671 824; baseline -0.005 -18"><span class='ocrx_word' id='word_1_23' title='bbox 459 764 734 824; x_wconf 74' lang='lat' dir='ltr'>mgnum</span> <span class='ocrx_word' id='word_1_24' title='bbox 766 753 889 804; x_wconf 89' lang='lat' dir='ltr'>tum</span> <span class='ocrx_word' id='word_1_25' title='bbox 936 741 996 801; x_wconf 90' lang='lat' dir='ltr'>in</span> <span class='ocrx_word' id='word_1_26' title='bbox 1046 741 1202 802; x_wconf 79' lang='lat' dir='ltr'>bello</span> <span class='ocrx_word' id='word_1_27' title='bbox 1249 741 1566 801; x_wconf 78' lang='lat' dir='ltr'>maximum</span> <span class='ocrx_word' id='word_1_28' title='bbox 1600 749 1783 818; x_wconf 83' lang='lat' dir='ltr'>atque</span> <span class='ocrx_word' id='word_1_29' title='bbox 1808 739 2279 819; x_wconf 83' lang='lat' dir='ltr'>inexsuperabile</span> <span class='ocrx_word' id='word_1_30' title='bbox 2305 739 2400 798; x_wconf 87' lang='lat' dir='ltr'>sit.</span> <span class='ocrx_word' id='word_1_31' title='bbox 2484 735 2671 807; x_wconf 84' lang='lat' dir='ltr'>Quod</span> 
     </span>
     <span class='ocr_line' id='line_1_5' title="bbox 460 834 2671 903; baseline -0.005 0"><span class='ocrx_word' id='word_1_32' title='bbox 460 843 537 903; x_wconf 87' lang='lat' dir='ltr'>ad</span> <span class='ocrx_word' id='word_1_33' title='bbox 567 862 630 902; x_wconf 83' lang='lat' dir='ltr'>se</span> <span class='ocrx_word' id='word_1_34' title='bbox 656 841 926 901; x_wconf 76' lang='lat' dir='ltr'><strong>attineret</strong></span> <span class='ocrx_word' id='word_1_35' title='bbox 953 858 1184 898; x_wconf 86' lang='lat' dir='ltr'>summo</span> <span class='ocrx_word' id='word_1_36' title='bbox 1211 838 1405 897; x_wconf 82' lang='lat' dir='ltr'>studio</span> <span class='ocrx_word' id='word_1_37' title='bbox 1445 836 1739 897; x_wconf 76' lang='lat' dir='ltr'>enisurum</span> <span class='ocrx_word' id='word_1_38' title='bbox 1778 847 1838 896; x_wconf 89' lang='lat' dir='ltr'>et</span> <span class='ocrx_word' id='word_1_39' title='bbox 1878 835 2315 896; x_wconf 78' lang='lat' dir='ltr'>incommodum</span> <span class='ocrx_word' id='word_1_40' title='bbox 2357 854 2517 894; x_wconf 80' lang='lat' dir='ltr'>nanc</span> <span class='ocrx_word' id='word_1_41' title='bbox 2540 834 2671 893; x_wconf 83' lang='lat' dir='ltr'>illa-</span> 
     </span>
     <span class='ocr_line' id='line_1_6' title="bbox 462 932 2670 1015; baseline -0.005 -13"><span class='ocrx_word' id='word_1_42' title='bbox 462 949 590 1003; x_wconf 75' lang='lat' dir='ltr'>tam</span> <span class='ocrx_word' id='word_1_43' title='bbox 636 938 919 999; x_wconf 86' lang='lat' dir='ltr'>multis·et</span> <span class='ocrx_word' id='word_1_44' title='bbox 950 936 1176 1015; x_wconf 86' lang='lat' dir='ltr'>magnis</span> <span class='ocrx_word' id='word_1_45' title='bbox 1203 935 1524 995; x_wconf 84' lang='lat' dir='ltr'>commodis</span> <span class='ocrx_word' id='word_1_46' title='bbox 1549 934 1829 994; x_wconf 70' lang='lat' dir='ltr'><strong>resarciat</strong></span> <span class='ocrx_word' id='word_1_47' title='bbox 1853 943 1915 993; x_wconf 88' lang='lat' dir='ltr'>et</span> <span class='ocrx_word' id='word_1_48' title='bbox 1960 942 2334 1011; x_wconf 78' lang='lat' dir='ltr'>compenset:</span> <span class='ocrx_word' id='word_1_49' title='bbox 2374 943 2558 1010; x_wconf 84' lang='lat' dir='ltr'>atque</span> <span class='ocrx_word' id='word_1_50' title='bbox 2610 932 2670 992; x_wconf 85' lang='lat' dir='ltr'>iu</span> 
     </span>
     <span class='ocr_line' id='line_1_7' title="bbox 460 1031 2671 1116; baseline -0.002 -20"><span class='ocrx_word' id='word_1_51' title='bbox 460 1036 662 1116; x_wconf 81' lang='lat' dir='ltr'>primis</span> <span class='ocrx_word' id='word_1_52' title='bbox 688 1035 958 1094; x_wconf 80' lang='lat' dir='ltr'>civitates</span> <span class='ocrx_word' id='word_1_53' title='bbox 987 1053 1123 1112; x_wconf 63' lang='lat' dir='ltr'>quas</span> <span class='ocrx_word' id='word_1_54' title='bbox 1151 1054 1184 1091; x_wconf 84' lang='lat' dir='ltr'>a</span> <span class='ocrx_word' id='word_1_55' title='bbox 1214 1052 1505 1092; x_wconf 82' lang='lat' dir='ltr'>consensu</span> <span class='ocrx_word' id='word_1_56' title='bbox 1536 1033 1781 1112; x_wconf 82' lang='lat' dir='ltr'>publico</span> <span class='ocrx_word' id='word_1_57' title='bbox 1801 1031 2207 1092; x_wconf 69' lang='lat' dir='ltr'>discessissent</span> <span class='ocrx_word' id='word_1_58' title='bbox 2236 1031 2290 1089; x_wconf 89' lang='lat' dir='ltr'>in</span> <span class='ocrx_word' id='word_1_59' title='bbox 2318 1042 2671 1091; x_wconf 75' lang='lat' dir='ltr'>caetemrum</span> 
     </span>
     <span class='ocr_line' id='line_1_8' title="bbox 460 1128 2669 1200; baseline -0.002 -7"><span class='ocrx_word' id='word_1_60' title='bbox 460 1133 804 1193; x_wconf 85' lang='lat' dir='ltr'>sententiam</span> <span class='ocrx_word' id='word_1_61' title='bbox 849 1129 1279 1200; x_wconf 86' lang='lat' dir='ltr'>traducturum‚</span> <span class='ocrx_word' id='word_1_62' title='bbox 1341 1140 1406 1190; x_wconf 92' lang='lat' dir='ltr'>ut</span> <span class='ocrx_word' id='word_1_63' title='bbox 1457 1149 1638 1189; x_wconf 83' lang='lat' dir='ltr'>unum</span> <span class='ocrx_word' id='word_1_64' title='bbox 1695 1129 1771 1189; x_wconf 89' lang='lat' dir='ltr'>sit</span> <span class='ocrx_word' id='word_1_65' title='bbox 1823 1128 2013 1189; x_wconf 84' lang='lat' dir='ltr'>omnis</span> <span class='ocrx_word' id='word_1_66' title='bbox 2069 1128 2285 1188; x_wconf 76' lang='lat' dir='ltr'>Gauiae</span> <span class='ocrx_word' id='word_1_67' title='bbox 2332 1129 2669 1200; x_wconf 78' lang='lat' dir='ltr'>consilinm,</span> 
     </span>
     <span class='ocr_line' id='line_1_9' title="bbox 462 1223 2674 1308; baseline -0.001 -19"><span class='ocrx_word' id='word_1_68' title='bbox 462 1249 644 1289; x_wconf 84' lang='lat' dir='ltr'>unum</span> <span class='ocrx_word' id='word_1_69' title='bbox 672 1248 909 1308; x_wconf 84' lang='lat' dir='ltr'>corpus,</span> <span class='ocrx_word' id='word_1_70' title='bbox 938 1246 1055 1287; x_wconf 85' lang='lat' dir='ltr'>una</span> <span class='ocrx_word' id='word_1_71' title='bbox 1082 1245 1278 1287; x_wconf 83' lang='lat' dir='ltr'>meus:</span> <span class='ocrx_word' id='word_1_72' title='bbox 1324 1225 1423 1284; x_wconf 83' lang='lat' dir='ltr'>cui</span> <span class='ocrx_word' id='word_1_73' title='bbox 1467 1236 1749 1287; x_wconf 87' lang='lat' dir='ltr'>terrarum</span> <span class='ocrx_word' id='word_1_74' title='bbox 1777 1226 1938 1285; x_wconf 84' lang='lat' dir='ltr'>orbis</span> <span class='ocrx_word' id='word_1_75' title='bbox 1963 1225 2151 1303; x_wconf 81' lang='lat' dir='ltr'>impar</span> <span class='ocrx_word' id='word_1_76' title='bbox 2179 1223 2335 1285; x_wconf 83' lang='lat' dir='ltr'>baud</span> <span class='ocrx_word' id='word_1_77' title='bbox 2376 1225 2558 1285; x_wconf 83' lang='lat' dir='ltr'>dubie</span> <span class='ocrx_word' id='word_1_78' title='bbox 2597 1226 2674 1286; x_wconf 79' lang='lat' dir='ltr'>sit</span> 
     </span>
     <span class='ocr_line' id='line_1_10' title="bbox 463 1320 2671 1401; baseline -0.001 -16"><span class='ocrx_word' id='word_1_79' title='bbox 463 1326 722 1388; x_wconf 85' lang='lat' dir='ltr'>futurus:</span> <span class='ocrx_word' id='word_1_80' title='bbox 768 1326 827 1386; x_wconf 91' lang='lat' dir='ltr'>id</span> <span class='ocrx_word' id='word_1_81' title='bbox 872 1346 933 1385; x_wconf 89' lang='lat' dir='ltr'>se</span> <span class='ocrx_word' id='word_1_82' title='bbox 974 1345 1092 1385; x_wconf 87' lang='lat' dir='ltr'>non</span> <span class='ocrx_word' id='word_1_83' title='bbox 1123 1324 1412 1384; x_wconf 82' lang='lat' dir='ltr'>facturum</span> <span class='ocrx_word' id='word_1_84' title='bbox 1460 1323 1869 1385; x_wconf 85' lang='lat' dir='ltr'>tantummodo</span> <span class='ocrx_word' id='word_1_85' title='bbox 1898 1323 1998 1383; x_wconf 87' lang='lat' dir='ltr'>sed</span> <span class='ocrx_word' id='word_1_86' title='bbox 2029 1343 2178 1401; x_wconf 85' lang='lat' dir='ltr'>pene</span> <span class='ocrx_word' id='word_1_87' title='bbox 2219 1322 2349 1398; x_wconf 80' lang='lat' dir='ltr'>jam</span> <span class='ocrx_word' id='word_1_88' title='bbox 2392 1320 2671 1383; x_wconf 82' lang='lat' dir='ltr'>effectum</span> 
     </span>
     <span class='ocr_line' id='line_1_11' title="bbox 460 1419 2673 1502; baseline -0.001 -19"><span class='ocrx_word' id='word_1_89' title='bbox 460 1434 749 1502; x_wconf 82' lang='lat' dir='ltr'>reputare.</span> <span class='ocrx_word' id='word_1_90' title='bbox 836 1421 1016 1492; x_wconf 82' lang='lat' dir='ltr'>Quod</span> <span class='ocrx_word' id='word_1_91' title='bbox 1073 1421 1392 1482; x_wconf 73' lang='lat' dir='ltr'>necessitas</span> <span class='ocrx_word' id='word_1_92' title='bbox 1441 1440 1701 1500; x_wconf 71' lang='lat' dir='ltr'>praesens</span> <span class='ocrx_word' id='word_1_93' title='bbox 1742 1430 1944 1500; x_wconf 76' lang='lat' dir='ltr'>poscat</span> <span class='ocrx_word' id='word_1_94' title='bbox 1990 1430 2182 1480; x_wconf 84' lang='lat' dir='ltr'>castra</span> <span class='ocrx_word' id='word_1_95' title='bbox 2210 1419 2383 1481; x_wconf 81' lang='lat' dir='ltr'>saluti</span> <span class='ocrx_word' id='word_1_96' title='bbox 2411 1420 2673 1480; x_wconf 83' lang='lat' dir='ltr'>omnium</span> 
     </span>
     <span class='ocr_line' id='line_1_12' title="bbox 464 1517 2675 1600; baseline -0.001 -20"><span class='ocrx_word' id='word_1_97' title='bbox 464 1520 639 1600; x_wconf 81' lang='lat' dir='ltr'>⁸⁷pro</span> <span class='ocrx_word' id='word_1_98' title='bbox 670 1520 890 1591; x_wconf 79' lang='lat' dir='ltr'>sutum,</span> <span class='ocrx_word' id='word_1_99' title='bbox 921 1520 1121 1580; x_wconf 88' lang='lat' dir='ltr'>labore</span> <span class='ocrx_word' id='word_1_100' title='bbox 1142 1520 1401 1580; x_wconf 87' lang='lat' dir='ltr'>omnium</span> <span class='ocrx_word' id='word_1_101' title='bbox 1429 1539 1502 1581; x_wconf 81' lang='lat' dir='ltr'>ac</span> <span class='ocrx_word' id='word_1_102' title='bbox 1529 1520 1724 1579; x_wconf 85' lang='lat' dir='ltr'>studio</span> <span class='ocrx_word' id='word_1_103' title='bbox 1746 1518 2063 1579; x_wconf 86' lang='lat' dir='ltr'>munienda</span> <span class='ocrx_word' id='word_1_104' title='bbox 2090 1538 2239 1589; x_wconf 82' lang='lat' dir='ltr'>esse,</span> <span class='ocrx_word' id='word_1_105' title='bbox 2259 1517 2477 1598; x_wconf 84' lang='lat' dir='ltr'>quibus</span> <span class='ocrx_word' id='word_1_106' title='bbox 2494 1517 2675 1579; x_wconf 83' lang='lat' dir='ltr'>subiti</span> 
     </span>
     <span class='ocr_line' id='line_1_13' title="bbox 465 1616 2671 1685; baseline -0.001 -7"><span class='ocrx_word' id='word_1_107' title='bbox 465 1618 721 1679; x_wconf 82' lang='lat' dir='ltr'>hostium</span> <span class='ocrx_word' id='word_1_108' title='bbox 779 1619 1043 1681; x_wconf 84' lang='lat' dir='ltr'>incursus</span> <span class='ocrx_word' id='word_1_109' title='bbox 1088 1621 1440 1678; x_wconf 67' lang='lat' dir='ltr'>arceantur!</span> <span class='ocrx_word' id='word_1_110' title='bbox 1553 1620 1744 1678; x_wconf 86' lang='lat' dir='ltr'>Grata</span> <span class='ocrx_word' id='word_1_111' title='bbox 1795 1617 2065 1678; x_wconf 82' lang='lat' dir='ltr'>omnibus</span> <span class='ocrx_word' id='word_1_112' title='bbox 2114 1618 2242 1676; x_wconf 70' lang='lat' dir='ltr'>haec</span> <span class='ocrx_word' id='word_1_113' title='bbox 2297 1616 2409 1676; x_wconf 86' lang='lat' dir='ltr'>fuit</span> <span class='ocrx_word' id='word_1_114' title='bbox 2461 1616 2671 1685; x_wconf 84' lang='lat' dir='ltr'>oratio,</span> 
     </span>
     <span class='ocr_line' id='line_1_14' title="bbox 464 1712 2673 1793; baseline -0.001 -19"><span class='ocrx_word' id='word_1_115' title='bbox 464 1714 627 1793; x_wconf 77' lang='lat' dir='ltr'>qued</span> <span class='ocrx_word' id='word_1_116' title='bbox 668 1734 784 1774; x_wconf 91' lang='lat' dir='ltr'>non</span> <span class='ocrx_word' id='word_1_117' title='bbox 833 1715 1027 1774; x_wconf 85' lang='lat' dir='ltr'>animo</span> <span class='ocrx_word' id='word_1_118' title='bbox 1068 1714 1417 1784; x_wconf 82' lang='lat' dir='ltr'>defecisset;</span> <span class='ocrx_word' id='word_1_119' title='bbox 1470 1713 1599 1785; x_wconf 86' lang='lat' dir='ltr'>sed,</span> <span class='ocrx_word' id='word_1_120' title='bbox 1633 1715 1734 1774; x_wconf 86' lang='lat' dir='ltr'>ubi</span> <span class='ocrx_word' id='word_1_121' title='bbox 1774 1713 1955 1774; x_wconf 81' lang='lat' dir='ltr'>(luces</span> <span class='ocrx_word' id='word_1_122' title='bbox 1988 1713 2089 1773; x_wconf 87' lang='lat' dir='ltr'>alii</span> <span class='ocrx_word' id='word_1_123' title='bbox 2136 1712 2363 1791; x_wconf 82' lang='lat' dir='ltr'>magnis</span> <span class='ocrx_word' id='word_1_124' title='bbox 2396 1712 2673 1772; x_wconf 83' lang='lat' dir='ltr'>cladibus</span> 
     </span>
     <span class='ocr_line' id='line_1_15' title="bbox 461 1810 2673 1892; baseline -0 -20"><span class='ocrx_word' id='word_1_125' title='bbox 461 1812 723 1891; x_wconf 83' lang='lat' dir='ltr'>acceptis</span> <span class='ocrx_word' id='word_1_126' title='bbox 770 1832 895 1873; x_wconf 85' lang='lat' dir='ltr'>sese</span> <span class='ocrx_word' id='word_1_127' title='bbox 938 1811 1159 1873; x_wconf 79' lang='lat' dir='ltr'>abdere</span> <span class='ocrx_word' id='word_1_128' title='bbox 1200 1814 1444 1883; x_wconf 77' lang='lat' dir='ltr'>soleant,</span> <span class='ocrx_word' id='word_1_129' title='bbox 1489 1812 1802 1892; x_wconf 80' lang='lat' dir='ltr'>vultusque</span> <span class='ocrx_word' id='word_1_130' title='bbox 1842 1812 2089 1871; x_wconf 86' lang='lat' dir='ltr'>militum</span> <span class='ocrx_word' id='word_1_131' title='bbox 2139 1810 2425 1889; x_wconf 76' lang='lat' dir='ltr'>refugere,</span> <span class='ocrx_word' id='word_1_132' title='bbox 2477 1810 2573 1871; x_wconf 83' lang='lat' dir='ltr'>hic</span> <span class='ocrx_word' id='word_1_133' title='bbox 2612 1811 2673 1871; x_wconf 83' lang='lat' dir='ltr'>in</span> 
     </span>
     <span class='ocr_line' id='line_1_16' title="bbox 457 1907 2676 1989; baseline 0 -20"><span class='ocrx_word' id='word_1_134' title='bbox 457 1908 770 1988; x_wconf 80' lang='lat' dir='ltr'>publicum</span> <span class='ocrx_word' id='word_1_135' title='bbox 819 1909 1057 1989; x_wconf 80' lang='lat' dir='ltr'>prodiit,</span> <span class='ocrx_word' id='word_1_136' title='bbox 1085 1920 1148 1971; x_wconf 85' lang='lat' dir='ltr'>et</span> <span class='ocrx_word' id='word_1_137' title='bbox 1193 1929 1410 1970; x_wconf 77' lang='lat' dir='ltr'>novum</span> <span class='ocrx_word' id='word_1_138' title='bbox 1461 1910 1664 1971; x_wconf 86' lang='lat' dir='ltr'>salutis</span> <span class='ocrx_word' id='word_1_139' title='bbox 1692 1910 1804 1971; x_wconf 90' lang='lat' dir='ltr'>iter</span> <span class='ocrx_word' id='word_1_140' title='bbox 1830 1909 2110 1980; x_wconf 83' lang='lat' dir='ltr'>ostendit,</span> <span class='ocrx_word' id='word_1_141' title='bbox 2137 1928 2330 1988; x_wconf 86' lang='lat' dir='ltr'>eoque</span> <span class='ocrx_word' id='word_1_142' title='bbox 2370 1909 2503 1987; x_wconf 87' lang='lat' dir='ltr'>plus</span> <span class='ocrx_word' id='word_1_143' title='bbox 2532 1907 2676 1969; x_wconf 78' lang='lat' dir='ltr'>fidei</span> 
     </span>
     <span class='ocr_line' id='line_1_17' title="bbox 463 2005 2679 2086; baseline 0.001 -22"><span class='ocrx_word' id='word_1_144' title='bbox 463 2005 545 2064; x_wconf 92' lang='lat' dir='ltr'>illi</span> <span class='ocrx_word' id='word_1_145' title='bbox 587 2016 732 2079; x_wconf 88' lang='lat' dir='ltr'>erat,</span> <span class='ocrx_word' id='word_1_146' title='bbox 779 2027 899 2086; x_wconf 86' lang='lat' dir='ltr'>quo</span> <span class='ocrx_word' id='word_1_147' title='bbox 939 2008 1252 2067; x_wconf 77' lang='lat' dir='ltr'>Avaricum</span> <span class='ocrx_word' id='word_1_148' title='bbox 1304 2007 1735 2068; x_wconf 85' lang='lat' dir='ltr'>incendendum</span> <span class='ocrx_word' id='word_1_149' title='bbox 1797 2007 2307 2085; x_wconf 75' lang='lat' dir='ltr'>deserendumque</span> <span class='ocrx_word' id='word_1_150' title='bbox 2366 2006 2679 2067; x_wconf 85' lang='lat' dir='ltr'>consulue-</span> 
     </span>
     <span class='ocr_line' id='line_1_18' title="bbox 463 2103 2674 2185; baseline -0 -22"><span class='ocrx_word' id='word_1_151' title='bbox 463 2111 578 2175; x_wconf 87' lang='lat' dir='ltr'>rat,</span> <span class='ocrx_word' id='word_1_152' title='bbox 610 2103 830 2164; x_wconf 89' lang='lat' dir='ltr'>clarum</span> <span class='ocrx_word' id='word_1_153' title='bbox 861 2105 1249 2185; x_wconf 69' lang='lat' dir='ltr'>providentias</span> <span class='ocrx_word' id='word_1_154' title='bbox 1293 2107 1423 2182; x_wconf 77' lang='lat' dir='ltr'>ejus</span> <span class='ocrx_word' id='word_1_155' title='bbox 1474 2107 1793 2167; x_wconf 83' lang='lat' dir='ltr'>indicium:</span> <span class='ocrx_word' id='word_1_156' title='bbox 1838 2108 1919 2166; x_wconf 86' lang='lat' dir='ltr'>sic</span> <span class='ocrx_word' id='word_1_157' title='bbox 1944 2124 2082 2165; x_wconf 85' lang='lat' dir='ltr'>cum</span> <span class='ocrx_word' id='word_1_158' title='bbox 2104 2116 2448 2165; x_wconf 66' lang='lat' dir='ltr'>caeterorum</span> <span class='ocrx_word' id='word_1_159' title='bbox 2491 2103 2674 2163; x_wconf 88' lang='lat' dir='ltr'>minui</span> 
     </span>
     <span class='ocr_line' id='line_1_19' title="bbox 464 2188 2673 2281; baseline -0.001 -19"><span class='ocrx_word' id='word_1_160' title='bbox 464 2199 668 2272; x_wconf 84' lang='lat' dir='ltr'>soleat,</span> <span class='ocrx_word' id='word_1_161' title='bbox 722 2202 982 2262; x_wconf 82' lang='lat' dir='ltr'>adversis</span> <span class='ocrx_word' id='word_1_162' title='bbox 1025 2213 1289 2263; x_wconf 78' lang='lat' dir='ltr'>creverat</span> <span class='ocrx_word' id='word_1_163' title='bbox 1332 2204 1504 2264; x_wconf 86' lang='lat' dir='ltr'>ducis</span> <span class='ocrx_word' id='word_1_164' title='bbox 1559 2203 1737 2281; x_wconf 76' lang='lat' dir='ltr'>liujus</span> <span class='ocrx_word' id='word_1_165' title='bbox 1787 2202 2127 2263; x_wconf 72' lang='lat' dir='ltr'>auctoritas.</span> <span class='ocrx_word' id='word_1_166' title='bbox 2205 2188 2421 2279; x_wconf 73' lang='lat' dir='ltr'>Neque&#39;</span> <span class='ocrx_word' id='word_1_167' title='bbox 2464 2212 2575 2262; x_wconf 79' lang='lat' dir='ltr'>aut</span> <span class='ocrx_word' id='word_1_168' title='bbox 2616 2201 2673 2260; x_wconf 88' lang='lat' dir='ltr'>iu</span> 
     </span>
     <span class='ocr_line' id='line_1_20' title="bbox 464 2297 2675 2380; baseline 0 -23"><span class='ocrx_word' id='word_1_169' title='bbox 464 2297 673 2358; x_wconf 83' lang='lat' dir='ltr'>castris</span> <span class='ocrx_word' id='word_1_170' title='bbox 700 2299 1187 2371; x_wconf 82' lang='lat' dir='ltr'>communiendis,</span> <span class='ocrx_word' id='word_1_171' title='bbox 1225 2319 1360 2379; x_wconf 80' lang='lat' dir='ltr'>quae</span> <span class='ocrx_word' id='word_1_172' title='bbox 1388 2301 1582 2380; x_wconf 86' lang='lat' dir='ltr'>primo</span> <span class='ocrx_word' id='word_1_173' title='bbox 1612 2302 1878 2361; x_wconf 72' lang='lat' dir='ltr'>Ronmno</span> <span class='ocrx_word' id='word_1_174' title='bbox 1907 2319 2069 2360; x_wconf 84' lang='lat' dir='ltr'>more</span> <span class='ocrx_word' id='word_1_175' title='bbox 2098 2299 2155 2358; x_wconf 86' lang='lat' dir='ltr'>in</span> <span class='ocrx_word' id='word_1_176' title='bbox 2187 2299 2385 2359; x_wconf 82' lang='lat' dir='ltr'>Gallia</span> <span class='ocrx_word' id='word_1_177' title='bbox 2408 2318 2675 2359; x_wconf 84' lang='lat' dir='ltr'>commu-</span> 
     </span>
     <span class='ocr_line' id='line_1_21' title="bbox 464 2392 2675 2477; baseline 0.001 -24"><span class='ocrx_word' id='word_1_178' title='bbox 464 2392 589 2454; x_wconf 83' lang='lat' dir='ltr'>nita</span> <span class='ocrx_word' id='word_1_179' title='bbox 615 2404 773 2468; x_wconf 87' lang='lat' dir='ltr'>sunt,</span> <span class='ocrx_word' id='word_1_180' title='bbox 805 2396 1120 2476; x_wconf 79' lang='lat' dir='ltr'>quicquam</span> <span class='ocrx_word' id='word_1_181' title='bbox 1165 2417 1200 2456; x_wconf 84' lang='lat' dir='ltr'>a</span> <span class='ocrx_word' id='word_1_182' title='bbox 1230 2397 1509 2457; x_wconf 86' lang='lat' dir='ltr'>militibus</span> <span class='ocrx_word' id='word_1_183' title='bbox 1540 2407 1631 2458; x_wconf 86' lang='lat' dir='ltr'>est</span> <span class='ocrx_word' id='word_1_184' title='bbox 1656 2398 1960 2472; x_wconf 81' lang='lat' dir='ltr'>omissum,</span> <span class='ocrx_word' id='word_1_185' title='bbox 1993 2396 2263 2477; x_wconf 83' lang='lat' dir='ltr'>quamvis</span> <span class='ocrx_word' id='word_1_186' title='bbox 2286 2395 2675 2476; x_wconf 78' lang='lat' dir='ltr'>impatientis-</span> 
     </span>
     <span class='ocr_line' id='line_1_22' title="bbox 463 2491 2673 2575; baseline 0.001 -23"><span class='ocrx_word' id='word_1_187' title='bbox 463 2491 608 2552; x_wconf 79' lang='lat' dir='ltr'>sima</span> <span class='ocrx_word' id='word_1_188' title='bbox 636 2512 777 2571; x_wconf 83' lang='lat' dir='ltr'>gens</span> <span class='ocrx_word' id='word_1_189' title='bbox 806 2493 1070 2554; x_wconf 83' lang='lat' dir='ltr'>laborum</span> <span class='ocrx_word' id='word_1_190' title='bbox 1097 2495 1192 2566; x_wconf 89' lang='lat' dir='ltr'>sit,</span> <span class='ocrx_word' id='word_1_191' title='bbox 1238 2505 1404 2558; x_wconf 51' lang='lat' dir='ltr'>autxa</span> <span class='ocrx_word' id='word_1_192' title='bbox 1434 2496 1588 2556; x_wconf 90' lang='lat' dir='ltr'>duce</span> <span class='ocrx_word' id='word_1_193' title='bbox 1632 2497 1690 2556; x_wconf 88' lang='lat' dir='ltr'>iu</span> <span class='ocrx_word' id='word_1_194' title='bbox 1732 2496 2114 2557; x_wconf 74' lang='lat' dir='ltr'>conciliandis</span> <span class='ocrx_word' id='word_1_195' title='bbox 2158 2496 2394 2575; x_wconf 80' lang='lat' dir='ltr'>reliquis</span> <span class='ocrx_word' id='word_1_196' title='bbox 2424 2503 2490 2554; x_wconf 90' lang='lat' dir='ltr'>ut</span> <span class='ocrx_word' id='word_1_197' title='bbox 2535 2515 2673 2575; x_wconf 86' lang='lat' dir='ltr'>pro·-</span> 
     </span>
     <span class='ocr_line' id='line_1_23' title="bbox 465 2590 2679 2674; baseline 0.001 -24"><span class='ocrx_word' id='word_1_198' title='bbox 465 2590 700 2651; x_wconf 88' lang='lat' dir='ltr'>miserat</span> <span class='ocrx_word' id='word_1_199' title='bbox 747 2590 989 2653; x_wconf 81' lang='lat' dir='ltr'>urbibus</span> <span class='ocrx_word' id='word_1_200' title='bbox 1037 2594 1155 2653; x_wconf 88' lang='lat' dir='ltr'>ulla</span> <span class='ocrx_word' id='word_1_201' title='bbox 1195 2594 1256 2653; x_wconf 88' lang='lat' dir='ltr'>in</span> <span class='ocrx_word' id='word_1_202' title='bbox 1301 2605 1472 2674; x_wconf 85' lang='lat' dir='ltr'>parte</span> <span class='ocrx_word' id='word_1_203' title='bbox 1514 2605 1831 2656; x_wconf 87' lang='lat' dir='ltr'>cessatum.</span> <span class='ocrx_word' id='word_1_204' title='bbox 1912 2595 2226 2674; x_wconf 86' lang='lat' dir='ltr'>Cogitabat</span> <span class='ocrx_word' id='word_1_205' title='bbox 2264 2593 2679 2673; x_wconf 64' lang='lat' dir='ltr'>aestuabatque</span> 
     </span>
     <span class='ocr_line' id='line_1_24' title="bbox 462 2677 2674 2765; baseline 0.002 -18"><span class='ocrx_word' id='word_1_206' title='bbox 462 2686 682 2761; x_wconf 79' lang='lat' dir='ltr'>animo,</span> <span class='ocrx_word' id='word_1_207' title='bbox 728 2690 942 2750; x_wconf 87' lang='lat' dir='ltr'>diebus</span> <span class='ocrx_word' id='word_1_208' title='bbox 995 2710 1067 2751; x_wconf 84' lang='lat' dir='ltr'>ac</span> <span class='ocrx_word' id='word_1_209' title='bbox 1122 2693 1397 2753; x_wconf 82' lang='lat' dir='ltr'>noctibus</span> <span class='ocrx_word' id='word_1_210' title='bbox 1440 2677 1772 2765; x_wconf 72' lang='lat' dir='ltr'>laborabat,</span> <span class='ocrx_word' id='word_1_211' title='bbox 1830 2692 2189 2753; x_wconf 74' lang='lat' dir='ltr'>sollicitabat</span> <span class='ocrx_word' id='word_1_212' title='bbox 2245 2689 2558 2763; x_wconf 78' lang='lat' dir='ltr'>universas,</span> <span class='ocrx_word' id='word_1_213' title='bbox 2596 2691 2674 2751; x_wconf 84' lang='lat' dir='ltr'>ad</span> 
     </span>
     <span class='ocr_line' id='line_1_25' title="bbox 462 2788 2679 2869; baseline 0.002 -25"><span class='ocrx_word' id='word_1_214' title='bbox 462 2803 556 2844; x_wconf 81' lang='lat' dir='ltr'>res</span> <span class='ocrx_word' id='word_1_215' title='bbox 583 2805 767 2847; x_wconf 81' lang='lat' dir='ltr'>novas</span> <span class='ocrx_word' id='word_1_216' title='bbox 807 2807 1043 2848; x_wconf 88' lang='lat' dir='ltr'>omnem</span> <span class='ocrx_word' id='word_1_217' title='bbox 1074 2789 1327 2849; x_wconf 76' lang='lat' dir='ltr'>Galliam</span> <span class='ocrx_word' id='word_1_218' title='bbox 1357 2791 1678 2851; x_wconf 82' lang='lat' dir='ltr'>excitabat.</span> <span class='ocrx_word' id='word_1_219' title='bbox 1760 2794 1949 2868; x_wconf 84' lang='lat' dir='ltr'>lnque</span> <span class='ocrx_word' id='word_1_220' title='bbox 1993 2791 2108 2850; x_wconf 90' lang='lat' dir='ltr'>boc</span> <span class='ocrx_word' id='word_1_221' title='bbox 2150 2809 2304 2869; x_wconf 86' lang='lat' dir='ltr'>opus</span> <span class='ocrx_word' id='word_1_222' title='bbox 2347 2809 2502 2868; x_wconf 84' lang='lat' dir='ltr'>quos</span> <span class='ocrx_word' id='word_1_223' title='bbox 2540 2788 2679 2849; x_wconf 86' lang='lat' dir='ltr'>mit·</span> 
     </span>
     <span class='ocr_line' id='line_1_26' title="bbox 463 2881 2674 2967; baseline 0.003 -27"><span class='ocrx_word' id='word_1_224' title='bbox 463 2889 613 2942; x_wconf 83' lang='lat' dir='ltr'>teret</span> <span class='ocrx_word' id='word_1_225' title='bbox 642 2881 794 2941; x_wconf 85' lang='lat' dir='ltr'>viros</span> <span class='ocrx_word' id='word_1_226' title='bbox 820 2883 1097 2961; x_wconf 77' lang='lat' dir='ltr'>elegerat,</span> <span class='ocrx_word' id='word_1_227' title='bbox 1125 2884 1228 2963; x_wconf 85' lang='lat' dir='ltr'>qui</span> <span class='ocrx_word' id='word_1_228' title='bbox 1271 2886 1360 2944; x_wconf 80' lang='lat' dir='ltr'>vel</span> <span class='ocrx_word' id='word_1_229' title='bbox 1405 2889 1531 2945; x_wconf 85' lang='lat' dir='ltr'>noti</span> <span class='ocrx_word' id='word_1_230' title='bbox 1571 2887 1631 2947; x_wconf 90' lang='lat' dir='ltr'>in</span> <span class='ocrx_word' id='word_1_231' title='bbox 1660 2887 1895 2966; x_wconf 88' lang='lat' dir='ltr'>populis</span> <span class='ocrx_word' id='word_1_232' title='bbox 1930 2888 2304 2967; x_wconf 71' lang='lat' dir='ltr'>acceptique,</span> <span class='ocrx_word' id='word_1_233' title='bbox 2337 2888 2427 2946; x_wconf 78' lang='lat' dir='ltr'>rel</span> <span class='ocrx_word' id='word_1_234' title='bbox 2457 2885 2674 2948; x_wconf 80' lang='lat' dir='ltr'>blanda</span> 
     </span>
     <span class='ocr_line' id='line_1_27' title="bbox 463 2977 2675 3064; baseline 0.005 -29"><span class='ocrx_word' id='word_1_235' title='bbox 463 2977 728 3037; x_wconf 82' lang='lat' dir='ltr'>oratione</span> <span class='ocrx_word' id='word_1_236' title='bbox 774 2985 951 3056; x_wconf 81' lang='lat' dir='ltr'>atque</span> <span class='ocrx_word' id='word_1_237' title='bbox 999 2980 1253 3057; x_wconf 89' lang='lat' dir='ltr'>ingenio,</span> <span class='ocrx_word' id='word_1_238' title='bbox 1284 2981 1375 3040; x_wconf 82' lang='lat' dir='ltr'>vel</span> <span class='ocrx_word' id='word_1_239' title='bbox 1415 2980 1754 3063; x_wconf 80' lang='lat' dir='ltr'>principum</span> <span class='ocrx_word' id='word_1_240' title='bbox 1809 2984 2194 3045; x_wconf 73' lang='lat' dir='ltr'>familiaritate</span> <span class='ocrx_word' id='word_1_241' title='bbox 2243 2985 2554 3064; x_wconf 83' lang='lat' dir='ltr'>pollentes,</span> <span class='ocrx_word' id='word_1_242' title='bbox 2601 3005 2675 3045; x_wconf 85' lang='lat' dir='ltr'>ac</span> 
     </span>
     <span class='ocr_line' id='line_1_28' title="bbox 462 3072 2674 3159; baseline 0.004 -26"><span class='ocrx_word' id='word_1_243' title='bbox 462 3073 649 3152; x_wconf 85' lang='lat' dir='ltr'>gratia</span> <span class='ocrx_word' id='word_1_244' title='bbox 672 3072 872 3133; x_wconf 89' lang='lat' dir='ltr'>idonei</span> <span class='ocrx_word' id='word_1_245' title='bbox 893 3075 998 3135; x_wconf 80' lang='lat' dir='ltr'>visi</span> <span class='ocrx_word' id='word_1_246' title='bbox 1027 3087 1198 3136; x_wconf 90' lang='lat' dir='ltr'>erant</span> <span class='ocrx_word' id='word_1_247' title='bbox 1219 3098 1381 3148; x_wconf 88' lang='lat' dir='ltr'>;-eos</span> <span class='ocrx_word' id='word_1_248' title='bbox 1423 3098 1563 3140; x_wconf 81' lang='lat' dir='ltr'>vero</span> <span class='ocrx_word' id='word_1_249' title='bbox 1605 3083 1709 3159; x_wconf 86' lang='lat' dir='ltr'>qui</span> <span class='ocrx_word' id='word_1_250' title='bbox 1750 3083 1826 3144; x_wconf 83' lang='lat' dir='ltr'>ad</span> <span class='ocrx_word' id='word_1_251' title='bbox 1855 3103 1990 3143; x_wconf 89' lang='lat' dir='ltr'>eum</span> <span class='ocrx_word' id='word_1_252' title='bbox 2020 3082 2308 3144; x_wconf 77' lang='lat' dir='ltr'>seminudi</span> <span class='ocrx_word' id='word_1_253' title='bbox 2334 3093 2395 3143; x_wconf 87' lang='lat' dir='ltr'>et</span> <span class='ocrx_word' id='word_1_254' title='bbox 2423 3083 2674 3143; x_wconf 73' lang='lat' dir='ltr'>inermes</span> 
     </span>
     <span class='ocr_line' id='line_1_29' title="bbox 463 3170 2677 3259; baseline 0.005 -30"><span class='ocrx_word' id='word_1_255' title='bbox 463 3180 644 3248; x_wconf 87' lang='lat' dir='ltr'>capto</span> <span class='ocrx_word' id='word_1_256' title='bbox 686 3170 872 3249; x_wconf 90' lang='lat' dir='ltr'>opido</span> <span class='ocrx_word' id='word_1_257' title='bbox 915 3171 1336 3251; x_wconf 76' lang='lat' dir='ltr'>confugerant3</span> <span class='ocrx_word' id='word_1_258' title='bbox 1408 3177 1671 3238; x_wconf 79' lang='lat' dir='ltr'>vestibus</span> <span class='ocrx_word' id='word_1_259' title='bbox 1715 3190 1891 3259; x_wconf 89' lang='lat' dir='ltr'>atque</span> <span class='ocrx_word' id='word_1_260' title='bbox 1943 3178 2120 3240; x_wconf 86' lang='lat' dir='ltr'>armis</span> <span class='ocrx_word' id='word_1_261' title='bbox 2163 3179 2453 3251; x_wconf 83' lang='lat' dir='ltr'>instruxit,</span> <span class='ocrx_word' id='word_1_262' title='bbox 2494 3179 2677 3259; x_wconf 84' lang='lat' dir='ltr'>inque</span> 
     </span>
     <span class='ocr_line' id='line_1_30' title="bbox 460 3267 2678 3349; baseline 0.006 -24"><span class='ocrx_word' id='word_1_263' title='bbox 460 3267 705 3346; x_wconf 89' lang='lat' dir='ltr'>gradum</span> <span class='ocrx_word' id='word_1_264' title='bbox 736 3268 954 3329; x_wconf 84' lang='lat' dir='ltr'>militiae</span> <span class='ocrx_word' id='word_1_265' title='bbox 983 3271 1293 3349; x_wconf 84' lang='lat' dir='ltr'>pristinum</span> <span class='ocrx_word' id='word_1_266' title='bbox 1340 3274 1611 3336; x_wconf 89' lang='lat' dir='ltr'>restituit.</span> <span class='ocrx_word' id='word_1_267' title='bbox 1694 3276 1792 3337; x_wconf 79' lang='lat' dir='ltr'>Ad</span> <span class='ocrx_word' id='word_1_268' title='bbox 1843 3280 1972 3338; x_wconf 75' lang='lat' dir='ltr'>haec</span> <span class='ocrx_word' id='word_1_269' title='bbox 2021 3275 2264 3337; x_wconf 77' lang='lat' dir='ltr'>diversis</span> <span class='ocrx_word' id='word_1_270' title='bbox 2310 3297 2385 3338; x_wconf 83' lang='lat' dir='ltr'>ex</span> <span class='ocrx_word' id='word_1_271' title='bbox 2431 3276 2678 3338; x_wconf 81' lang='lat' dir='ltr'>urbibus</span> 
     </span>
     <span class='ocr_line' id='line_1_31' title="bbox 463 3365 2674 3453; baseline 0.005 -28"><span class='ocrx_word' id='word_1_272' title='bbox 463 3365 792 3444; x_wconf 75' lang='lat' dir='ltr'>sagittarios</span> <span class='ocrx_word' id='word_1_273' title='bbox 832 3377 893 3427; x_wconf 88' lang='lat' dir='ltr'>et</span> <span class='ocrx_word' id='word_1_274' title='bbox 943 3371 1131 3429; x_wconf 85' lang='lat' dir='ltr'>omnis</span> <span class='ocrx_word' id='word_1_275' title='bbox 1185 3371 1412 3448; x_wconf 84' lang='lat' dir='ltr'>generis</span> <span class='ocrx_word' id='word_1_276' title='bbox 1462 3374 1754 3434; x_wconf 77' lang='lat' dir='ltr'>contraxit</span> <span class='ocrx_word' id='word_1_277' title='bbox 1806 3374 2044 3447; x_wconf 80' lang='lat' dir='ltr'>auxilia,</span> <span class='ocrx_word' id='word_1_278' title='bbox 2090 3373 2311 3453; x_wconf 81' lang='lat' dir='ltr'>quibus</span> <span class='ocrx_word' id='word_1_279' title='bbox 2362 3385 2674 3453; x_wconf 80' lang='lat' dir='ltr'>acceptum</span> 
     </span>
     <span class='ocr_line' id='line_1_32' title="bbox 459 3463 2679 3551; baseline 0.006 -29"><span class='ocrx_word' id='word_1_280' title='bbox 459 3463 698 3524; x_wconf 79' lang='lat' dir='ltr'>Avarici</span> <span class='ocrx_word' id='word_1_281' title='bbox 716 3464 1126 3527; x_wconf 86' lang='lat' dir='ltr'>detrimentum</span> <span class='ocrx_word' id='word_1_282' title='bbox 1152 3471 1545 3548; x_wconf 83' lang='lat' dir='ltr'>suppleretur.</span> <span class='ocrx_word' id='word_1_283' title='bbox 1567 3473 1743 3551; x_wconf 79' lang='lat'>[129]</span> <span class='ocrx_word' id='word_1_284' title='bbox 1770 3475 2043 3533; x_wconf 81' lang='lat' dir='ltr'>Accessit</span> <span class='ocrx_word' id='word_1_285' title='bbox 2066 3472 2491 3533; x_wconf 70' lang='lat' dir='ltr'>”Olomeonis</span> <span class='ocrx_word' id='word_1_286' title='bbox 2516 3473 2679 3535; x_wconf 79' lang='lat' dir='ltr'>filius</span> 
     </span>
     <span class='ocr_line' id='line_1_33' title="bbox 460 3558 2678 3649; baseline 0.006 -31"><span class='ocrx_word' id='word_1_287' title='bbox 460 3558 915 3634; x_wconf 80' lang='lat' dir='ltr'>Tlieotomotus,</span> <span class='ocrx_word' id='word_1_288' title='bbox 958 3564 1422 3643; x_wconf 84' lang='lat' dir='ltr'>Nichioborgum</span> <span class='ocrx_word' id='word_1_289' title='bbox 1470 3585 1593 3641; x_wconf 84' lang='lat' dir='ltr'>rex,</span> <span class='ocrx_word' id='word_1_290' title='bbox 1625 3573 1800 3647; x_wconf 85' lang='lat' dir='ltr'>cujus</span> <span class='ocrx_word' id='word_1_291' title='bbox 1841 3580 2066 3649; x_wconf 85' lang='lat' dir='ltr'>patrem</span> <span class='ocrx_word' id='word_1_292' title='bbox 2111 3571 2413 3630; x_wconf 63' lang='lat' dir='ltr'>Romanum</span> <span class='ocrx_word' id='word_1_293' title='bbox 2440 3582 2678 3631; x_wconf 82' lang='lat' dir='ltr'>senatus</span> 
     </span>
     <span class='ocr_line' id='line_1_34' title="bbox 461 3652 2677 3746; baseline 0.005 -30"><span class='ocrx_word' id='word_1_294' title='bbox 461 3657 719 3718; x_wconf 83' lang='lat' dir='ltr'>amicum</span> <span class='ocrx_word' id='word_1_295' title='bbox 746 3659 1145 3737; x_wconf 81' lang='lat' dir='ltr'>appellaverat</span> <span class='ocrx_word' id='word_1_296' title='bbox 1169 3683 1184 3720; x_wconf 77' lang='lat' dir='ltr'>t</span> <span class='ocrx_word' id='word_1_297' title='bbox 1230 3664 1332 3723; x_wconf 89' lang='lat' dir='ltr'>sed</span> <span class='ocrx_word' id='word_1_298' title='bbox 1366 3675 1431 3726; x_wconf 90' lang='lat' dir='ltr'>ut</span> <span class='ocrx_word' id='word_1_299' title='bbox 1457 3685 1627 3745; x_wconf 74' lang='lat' dir='ltr'>soepe¹</span> <span class='ocrx_word' id='word_1_300' title='bbox 1645 3665 1747 3726; x_wconf 80' lang='lat' dir='ltr'>tilii</span> <span class='ocrx_word' id='word_1_301' title='bbox 1776 3666 2073 3729; x_wconf 84' lang='lat' dir='ltr'>derelictis</span> <span class='ocrx_word' id='word_1_302' title='bbox 2098 3677 2404 3746; x_wconf 84' lang='lat' dir='ltr'>parentum</span> <span class='ocrx_word' id='word_1_303' title='bbox 2434 3652 2677 3737; x_wconf 74' lang='lat' dir='ltr'>semitis,</span> 
     </span>
     <span class='ocr_line' id='line_1_35' title="bbox 463 3758 2677 3845; baseline 0.006 -33"><span class='ocrx_word' id='word_1_304' title='bbox 463 3772 649 3814; x_wconf 81' lang='lat' dir='ltr'>novas</span> <span class='ocrx_word' id='word_1_305' title='bbox 695 3766 1009 3832; x_wconf 82' lang='lat' dir='ltr'>quaerunt;</span> <span class='ocrx_word' id='word_1_306' title='bbox 1074 3758 1183 3817; x_wconf 88' lang='lat' dir='ltr'>iste</span> <span class='ocrx_word' id='word_1_307' title='bbox 1237 3771 1444 3821; x_wconf 85' lang='lat' dir='ltr'>contra</span> <span class='ocrx_word' id='word_1_308' title='bbox 1489 3763 1790 3823; x_wconf 84' lang='lat' dir='ltr'>Romanos</span> <span class='ocrx_word' id='word_1_309' title='bbox 1829 3766 1905 3824; x_wconf 89' lang='lat' dir='ltr'>ad</span> <span class='ocrx_word' id='word_1_310' title='bbox 1937 3765 2488 3845; x_wconf 68' lang='lat' dir='ltr'>,Vercingetorigem</span> <span class='ocrx_word' id='word_1_311' title='bbox 2538 3785 2677 3827; x_wconf 84' lang='lat' dir='ltr'>cum</span> 
     </span>
     <span class='ocr_line' id='line_1_36' title="bbox 463 3852 2678 3942; baseline 0.006 -32"><span class='ocrx_word' id='word_1_312' title='bbox 463 3852 653 3912; x_wconf 87' lang='lat' dir='ltr'>multo</span> <span class='ocrx_word' id='word_1_313' title='bbox 696 3872 758 3912; x_wconf 90' lang='lat' dir='ltr'>se</span> <span class='ocrx_word' id='word_1_314' title='bbox 801 3854 1053 3914; x_wconf 89' lang='lat' dir='ltr'>contulit</span> <span class='ocrx_word' id='word_1_315' title='bbox 1103 3856 1392 3933; x_wconf 78' lang='lat' dir='ltr'>equitatu.</span> <span class='ocrx_word' id='word_1_316' title='bbox 1477 3859 1680 3921; x_wconf 65' lang='lat' dir='ltr'>Caesar</span> <span class='ocrx_word' id='word_1_317' title='bbox 1733 3861 1808 3921; x_wconf 78' lang='lat' dir='ltr'>sd</span> <span class='ocrx_word' id='word_1_318' title='bbox 1868 3862 2185 3923; x_wconf 84' lang='lat' dir='ltr'>Avaricum</span> <span class='ocrx_word' id='word_1_319' title='bbox 2235 3863 2678 3942; x_wconf 78' lang='lat' dir='ltr'>complusculos</span> 
     </span>
     <span class='ocr_line' id='line_1_37' title="bbox 462 3947 2678 4038; baseline 0.006 -31"><span class='ocrx_word' id='word_1_320' title='bbox 462 3947 588 4009; x_wconf 87' lang='lat' dir='ltr'>dies</span> <span class='ocrx_word' id='word_1_321' title='bbox 614 3949 736 4028; x_wconf 89' lang='lat' dir='ltr'>egit</span> <span class='ocrx_word' id='word_1_322' title='bbox 753 3958 818 4010; x_wconf 88' lang='lat' dir='ltr'>et</span> <span class='ocrx_word' id='word_1_323' title='bbox 833 3950 1107 4012; x_wconf 77' lang='lat' dir='ltr'>frumenti</span> <span class='ocrx_word' id='word_1_324' title='bbox 1128 3954 1286 4033; x_wconf 80' lang='lat' dir='ltr'>larga</span> <span class='ocrx_word' id='word_1_325' title='bbox 1312 3956 1392 4015; x_wconf 91' lang='lat' dir='ltr'>ibi</span> <span class='ocrx_word' id='word_1_326' title='bbox 1422 3958 1597 4035; x_wconf 85' lang='lat' dir='ltr'>copia</span> <span class='ocrx_word' id='word_1_327' title='bbox 1624 3969 1801 4038; x_wconf 85' lang='lat' dir='ltr'>atque</span> <span class='ocrx_word' id='word_1_328' title='bbox 1821 3960 2081 4021; x_wconf 86' lang='lat' dir='ltr'>omnium</span> <span class='ocrx_word' id='word_1_329' title='bbox 2111 3970 2550 4021; x_wconf 86' lang='lat' dir='ltr'>commeatuum</span> <span class='ocrx_word' id='word_1_330' title='bbox 2588 3958 2678 4020; x_wconf 72' lang='lat' dir='ltr'>in-</span> 
     </span>
    </p>
   </div>
   <div class='ocr_carea' id='block_1_3' title="bbox 460 4185 2679 4320">
    <p class='ocr_par' dir='ltr' id='par_1_3' title="bbox 460 4185 2679 4320">
     <span class='ocr_line' id='line_1_38' title="bbox 532 4185 2679 4319; baseline 0.007 -86"><span class='ocrx_word' id='word_1_331' title='bbox 532 4185 804 4319; x_wconf 46' lang='grc' dir='ltr'>δτὸξοτὲο,</span> <span class='ocrx_word' id='word_1_332' title='bbox 836 4187 1107 4252; x_wconf 73' lang='lat' dir='ltr'>profutura.</span> <span class='ocrx_word' id='word_1_333' title='bbox 1148 4195 1472 4246; x_wconf 78' lang='lat' dir='ltr'>Caesar.-·-·SS</span> <span class='ocrx_word' id='word_1_334' title='bbox 1512 4198 1787 4250; x_wconf 57' lang='lat' dir='ltr'>Ollaria-inis</span> <span class='ocrx_word' id='word_1_335' title='bbox 1814 4199 1975 4265; x_wconf 72' lang='lat' dir='ltr'>filius,</span> <span class='ocrx_word' id='word_1_336' title='bbox 2005 4198 2332 4248; x_wconf 62' lang='lat' dir='ltr'>Monetas</span> <span class='ocrx_word' id='word_1_337' title='bbox 2370 4198 2679 4261; x_wconf 60' lang='lat' dir='ltr'>Nitobrigmm</span> 
     </span>
     <span class='ocr_line' id='line_1_39' title="bbox 460 4272 919 4320; baseline 0.013 -6"><span class='ocrx_word' id='word_1_338' title='bbox 460 4278 562 4315; x_wconf 73' lang='lat' dir='ltr'>rex.</span> <span class='ocrx_word' id='word_1_339' title='bbox 642 4282 688 4317; x_wconf 77' lang='lat' dir='ltr'>ic</span> <span class='ocrx_word' id='word_1_340' title='bbox 756 4272 919 4320; x_wconf 56' lang='lat' dir='ltr'>&#39;tesana</span> 
     </span>
    </p>
   </div>
  </div>
 </body>
</html>
