3017 4925
1066 423 1580 476 hunnum-rs.
2253 410 2426 475 xlvii

275 565 371 617 sed
393 563 503 616 vid.
525 569 695 615 notas.
1422 579 1575 618 conv.
1597 565 1831 618 ινα-11118
1852 567 1905 618 G
1927 566 1964 631 i,
1986 571 2069 618 40.

212 630 521 681 Cant-ima&
540 629 764 680 imbriam
786 627 838 680 G
859 628 935 692 iii,
957 634 1041 681 29.
1362 632 1707 682 Contentum-e
1766 633 2039 683 vulnerare
2079 630 2168 682 Af.
2202 639 2252 698 6,
2280 639 2331 686 7.
2366 642 2423 686 et

210 698 397 747 Contra
416 701 577 759 «eq-e,
613 709 762 746 secus
782 709 845 745 ac
868 695 919 746 G
942 696 1013 759 iv,
1035 700 1116 746 18.
1136 697 1184 747 C
1206 696 1281 758 iii,

275 766 360 811 12.
419 765 610 827 ,ωηεν-α,
631 775 662 808 e
687 760 900 824 regione
924 761 975 810 G
998 761 1079 824 iii,
1106 767 1153 811 9.
1187 761 1280 824 vii,

272 831 359 876 62.
413 830 579 875 eontra
619 825 798 874 hostem
837 827 1088 877 moisem
1129 826 1181 876 G
1225 827 1281 889 li,

275 896 361 1006 1Η7.
423 897 590 954 portus
625 895 790 939 contra
825 892 1029 954 aliquem
1064 893 1279 942 claudere

212 1021 512 1071 Contu-ahere
529 1026 707 1083 castra,
729 1019 903 1071 facere
922 1028 1163 1098 angusta,
1189 1021 1281 1070 mi·

271 1087 417 1137 noris
439 1086 667 1136 ambitus
688 1086 740 1137 G
763 1101 815 1151 v,
847 1089 930 1138 49.
961 1087 1053 1151 vni,
1087 1091 1171 1137 40.
1205 1086 1279 1137 cf.

453 1166 525 1201 us.

208 1215 475 1266 Contrwia
494 1216 638 1267 aliani
658 1215 847 1277 civitas,
870 1215 1074 1266 hostilis
1098 1216 1152 1266 H
1178 1221 1229 1267 1.

211 1281 502 1331 Contributa
526 1281 702 1332 civitas
731 1296 839 1331 cum
869 1281 967 1331 aliu
983 1282 1201 1345 civitate,
1230 1282 1280 1332 ei

272 1346 553 1409 attributa,
579 1361 696 1396 cum
717 1360 782 1395 ea
803 1347 1084 1410 conjuncta
1104 1347 1198 1406 sic,
1223 1353 1282 1397 ut

274 1411 345 1462 ab
382 1425 469 1473 ea,
512 1417 571 1461 ut
605 1411 817 1475 majore,
855 1412 1085 1476 pendeat
1112 1411 1281 1478 (daztu-

270 1474 581 1541 gescuagen)
604 1476 647 1527 C
672 1477 708 1536 i,
729 1480 815 1526 60.

213 1541 591 1592 cnut-bernium
611 1541 656 1592 C
677 1541 750 1604 iii,
768 1546 850 1592 76.

212 1606 534 1668 Contumelia,
555 1621 708 1672 qnam
730 1607 874 1656 navis
897 1605 1099 1671 perfert
1124 1607 1173 1658 G
1201 1607 1281 1670 iii,

280 1675 363 1722 13.
384 1672 420 1721 i.
438 1687 489 1722 e.
516 1672 611 1735 vis,
628 1687 781 1736 quarn
801 1671 961 1721 infert
979 1680 1284 1736 tempestas,

274 1738 542 1802 scopulus,
564 1738 743 1788 bostis.
806 1737 1056 1787 Similiter
1091 1738 1284 1788 dicitur

275 1802 465 1866 injuria
486 1818 528 1853 s.
552 1802 891 1852 inclementia
913 1803 1260 1866 tempestatis.

213 1868 567 1929 Convaleseere,
605 1868 740 1917 vires
778 1882 987 1932 capere,
1023 1868 1091 1918 de
1134 1869 1284 1918 hoste

277 1931 555 1984 debilitato
578 1931 665 1982 Af.
689 1937 772 1982 25.

214 1998 465 2057 Converte,
511 1998 759 2048 colluvies
800 1998 1061 2049 hominum
1106 1996 1157 2048 A
1200 2001 1282 2050 24.

275 2061 562 2125 σύγκλυδας.

216 2129 487 2182 Camenas
505 2129 583 2196 (G
606 2130 643 2191 i,
662 2133 745 2180 54.
777 2144 829 2192 v,
847 2135 894 2179 1.
912 2135 970 2180 et
991 2128 1140 2194 alibi)
1160 2134 1285 2182 sunt

277 2203 572 2246 conventus
601 2195 865 2244 bominum
892 2195 1282 2259 provincialium

276 2259 331 2309 in
353 2267 531 2310 certas
554 2260 725 2321 urbes,
767 2273 882 2324 quae
916 2269 971 2309 et
1004 2261 1132 2322 ipsoe
1180 2275 1285 2310 con·

273 2328 453 2374 vm
484 2324 730 2375 dicuntur
760 2325 834 2388 (G
871 2323 1119 2391 viii„4o)‚
1157 2332 1214 2375 et
1252 2340 1283 2375 e

275 2388 545 2453 primariis
587 2389 866 2454 provincias
900 2390 1113 2439 urbibus
1146 2397 1286 2453 sunt,

276 2461 342 2506 nt
362 2469 543 2506 coram
565 2455 907 2519 Proconsnle,
950 2471 1048 2520 per
1074 2455 1286 2535 provin-

278 2520 415 2571 ciam
459 2520 841 2585 jurisdictionis
876 2536 1035 2571 causa
1073 2530 1176 2572 iter
1215 2521 1286 2575 fn-

275 2585 476 2646 ciente,
507 2591 565 2637 et
586 2586 639 2635 in
661 2587 820 2636 certis
841 2586 943 2636 illis
963 2587 1178 2637 urbibus
1197 2587 1285 2651 jus

275 2650 513 2715 dicente,
535 2652 588 2700 in
612 2650 727 2700 foro
754 2660 1109 2715 compareant.
1158 2651 1286 2702 emir

275 2716 349 2766 les
367 2715 554 2777 assises,
589 2716 836 2766 auembler
855 2718 923 2766 les
942 2717 1084 2768 etate.
1151 2718 1284 2768 Cum

274 2789 460 2832 autem
510 2796 611 2831 non
649 2782 844 2846 oppida
886 2782 1131 2833 dicuntur
1164 2797 1286 2832 con·

274 2854 492 2908 ventus,
524 2847 617 2896 sed
651 2854 937 2909 conventus
976 2847 1287 2912 oppidorum

275 2926 722 2978 quorumcumque
738 2912 1156 2976 provincialium,
1176 2920 1286 2963 tum

272 2984 405 3027 sunt
425 2978 567 3027 cives
592 2977 828 3040 Romani,
863 2977 950 3042 qui
998 2986 1192 3042 praeter
1214 2979 1288 3028 in-

275 3042 519 3108 digenas,
531 3057 572 3092 s.
586 3042 879 3108 inquilinos,
966 3052 1068 3109 qna
1084 3044 1151 3094 de
1168 3058 1289 3094 cau-

277 3122 340 3158 sa
361 3109 418 3157 in
441 3107 688 3171 oppidum
721 3115 1095 3171 convenerunt,
1124 3116 1182 3158 ut
1213 3109 1287 3158 ibi

192 3210 201 3215 .
274 3172 540 3234 habitent,
572 3174 926 3236 negotientur,
955 3174 1129 3239 ibique
1153 3188 1289 3224 com-

274 3244 570 3288 morentur.
618 3240 723 3288 -Sic
761 3244 1012 3289 meam
1053 3240 1289 3289 Uticensis

222 3336 235 3349 .
279 3301 375 3354 Af.
397 3308 479 3353 aa.
503 3305 565 3354 c.
600 3303 656 3366 ii,
691 3307 768 3354 19.
801 3304 860 3354 it.
896 3304 983 3354 Af.
1018 3308 1082 3353 97
1117 3312 1173 3355 et
1204 3309 1286 3354 90.

277 3368 377 3420 nbi
421 3367 607 3418 ineoloe
649 3368 927 3419 Uticenses
965 3369 1289 3434 distinguun-

279 3442 375 3486 tur
389 3448 421 3481 a
439 3434 684 3484 Romanis
701 3435 1129 3497 negotiatoribus.
1168 3437 1289 3485 Con·

275 3500 826 3565 venumda-dit
850 3501 894 3550 C
928 3501 983 3561 ii,
1020 3505 1100 3550 19.
1135 3499 1205 3550 cf.
1238 3515 1285 3550 c.

278 3569 369 3627 21,
408 3563 497 3614 nbi
536 3567 678 3615 cives
718 3566 936 3615 Romani
968 3566 1065 3615 hoe
1099 3564 1289 3615 fecisse

226 3664 237 3669 -
282 3630 547 3681 die-ntur.
611 3630 862 3681 Similiter
914 3631 1004 3694 vii,
1036 3636 1119 3681 55.
1164 3632 1208 3681 C
1251 3630 1287 3690 i,

283 3700 371 3746 u.
402 3695 478 3758 iii,
500 3700 551 3757 9,
572 3699 657 3757 ῆι,
678 3700 766 3759 29,
785 3700 868 3759 ss,
889 3700 971 3746 40:
1009 3695 1058 3746 Α
1088 3700 1172 3757 ⁶⁷,
1203 3701 1286 3746 ss,

282 3759 373 3813 cf.
397 3761 632 3813 Gronov.
655 3761 880 3813 Observ.
902 3762 953 3812 G
976 3761 1048 3825 iii,
1074 3766 1156 3812 22.

217 3824 509 3878 Convertere
538 3827 651 3889 iter,
683 3827 922 3878 aliorsum
958 3828 1033 3876 ire
1056 3827 1107 3877 G
1133 3828 1168 3887 i,
1205 3830 1288 3875 28.

282 3892 427 3944 Hine
447 3897 716 3943 convertere
734 3893 896 3956 signu,
914 3893 1159 3942 aliorsum
1184 3890 1290 3941 fer-

281 3973 360 4021 re,
374 3958 482 4021 Gi,
496 3959 580 4009 26.
606 3958 1052 4021 etrigauoonoersu
1068 3959 1119 4007 in
1136 3957 1290 4007 hostes

277 4024 478 4087 ider-re,
501 4022 553 4074 G
574 4023 631 4083 ii,
664 4027 747 4073 26.
801 4038 1047 4073 conversus
1084 4025 1149 4072 ud
1186 4022 1291 4071 hos·

280 4094 397 4152 teon,
413 4103 595 4140 versus
612 4089 817 4138 bostem
837 4089 887 4139 G
907 4089 982 4152 iii,
995 4093 1077 4138 29.
1099 4102 1288 4139 conver·

281 4168 335 4203 sa
354 4169 506 4218 nens,
523 4161 728 4204 mutata
744 4152 795 4205 G
814 4154 849 4217 i,
862 4156 946 4205 41.
977 4161 1290 4204 convertere

283 4228 455 4269 castra
477 4218 667 4271 castris
689 4219 733 4270 C
756 4219 791 4281 i,
816 4224 899 4269 81.

222 4284 519 4345 Convieian,
538 4286 795 4335 clamores
815 4286 860 4335 C
883 4284 920 4344 i,
938 4287 990 4334 2.

223 4350 535 4412 Cone-iacere,
552 4349 765 4400 neritia
779 4349 1089 4413 convincitur,
1108 4349 1293 4415 aliquis

1424 712 1565 762 saepe
1588 697 1640 746 in
1664 668 1810 748 libris
1831 697 1898 747 de
1921 698 1985 748 B.
2008 696 2099 747 Af.
2123 705 2178 748 et
2204 699 2273 750 H.

1362 761 1532 825 Copia,
1570 762 1849 816 multitudo
1890 763 2149 812 hominum
2183 764 2235 813 G
2269 765 2306 828 i,
2338 769 2425 815 48.

1422 826 1515 877 Af.
1533 831 1612 877 10.
1640 827 1876 893 ubicopia
1887 844 2038 892 parra
2054 828 2265 879 dicitnr.
2290 830 2424 894 copia

1422 893 1645 956 expedita
1688 892 1779 943 Af.
1822 899 1904 944 80.
1928 895 2062 957 copia
2080 894 2312 958 pedestris
2331 892 2424 945 Af.

1424 960 1504 1016 10,
1528 961 1609 1008 88.
1635 957 1688 1007 Η
1712 962 1765 1009 6.
1791 959 1895 1008 vid.
1919 959 2103 1009 Davis.
2127 959 2191 1008 ad
2216 960 2260 1009 C
2279 959 2316 1022 i,
2339 964 2424 1010 46.

1422 1027 1486 1136 eg
1500 1022 1701 1072 Victor.
1734 1023 1801 1073 ad
1837 1025 1947 1075 Cic.
1972 1025 2038 1074 ad
2063 1023 2181 1075 Att.
2206 1039 2292 1090 ep.
2316 1024 2427 1089 viii,

1359 1151 1539 1216 Copia,
1585 1151 1885 1213 facultates,
1938 1160 2275 1216 commeatus,
2319 1152 2428 1204 fru-

1421 1227 1670 1278 mentum,
1702 1219 1947 1276 alimenta
1980 1220 2031 1269 G
2067 1218 2105 1280 i,
2146 1224 2227 1269 sl.
2261 1219 2317 1281 ii,
2343 1224 2425 1270 10.

1421 1281 1494 1342 iv,
1515 1287 1565 1333 4.
1600 1281 1689 1332 Af.
1713 1287 1793 1332 80.
1857 1283 1945 1334 Sic
1968 1291 2024 1334 et
2054 1285 2179 1334 Tac.
2213 1284 2351 1336 Ann.
2387 1285 2425 1347 i,

1421 1350 1503 1396 68.
1573 1349 1755 1397 Florus
1779 1348 1848 1410 iv,
1870 1352 1920 1410 2,
1949 1351 2030 1398 39.

1361 1412 1587 1476 copim
1615 1415 1679 1462 ud
1708 1414 1899 1463 nundus
1918 1413 2128 1463 homes
2147 1414 2288 1476 loeus,
2319 1411 2431 1463 vic·

1424 1486 1481 1526 tu
1534 1477 1796 1527 abundans
1846 1477 1895 1527 A
1932 1482 2015 1529 42.
2162 1478 2172 1490 ’
2345 1492 2427 1541 op-

1417 1542 1603 1620 pidum,
1625 1541 1779 1593 rebus
1812 1543 2049 1594 omuibus
2077 1541 2343 1593 abundans
2374 1539 2428 1592 G

1425 1623 1463 1668 ι,
1486 1611 1570 1658 23.

1363 1673 1574 1736 Copaloe,
1597 1672 1701 1723 vid.
1724 1673 1789 1722 ad
1813 1673 1862 1724 G
1889 1673 1966 1735 iii,
1988 1678 2068 1725 13.

1363 1738 1580 1801 Corone,
1601 1738 1707 1788 vid.
1734 1740 1799 1790 ad
1823 1740 1874 1790 G
1895 1740 2002 1800 viii,
2022 1744 2073 1789 9.
2131 1754 2303 1789 corona
2324 1737 2429 1788 hos-

1424 1803 1564 1867 than,
1586 1804 1745 1867 acies,
1767 1806 1982 1869 cingens
1999 1805 2222 1854 inclusos
2241 1802 2331 1856 Af.
2346 1807 2432 1853 17.

1426 1866 1499 1918 cf.
1539 1883 1588 1919 c.
1625 1874 1710 1918 70.
1754 1885 1922 1919 corona
1966 1871 2172 1944 cingere,
2211 1869 2433 1919 eircum-

1426 1932 1556 1983 dare
1589 1933 1640 1984 G
1664 1934 1753 1995 vii,
1777 1939 1860 1985 72.
1897 1950 2067 1984 corona
2086 1936 2139 1984 in
2157 1933 2429 1983 obsidione

1425 1999 1568 2049 urbis
1605 1999 1659 2048 H
1693 2003 1776 2049 18.
1829 2000 1955 2050 servi
1996 2000 2080 2049 sub
2121 2014 2294 2049 corona
2324 2012 2435 2048 ven-

1425 2063 1538 2126 diei,
1574 2065 1609 2112 i.
1632 2078 1681 2113 e.
1717 2064 1855 2115 bello
1885 2066 2028 2129 capti
2061 2071 2116 2116 et
2149 2063 2347 2114 venditi
2377 2063 2430 2114 G

1426 2128 1504 2190 iii,
1530 2133 1626 2178 16:
1662 2143 1779 2179 nam
1804 2131 2087 2195 antiquitus
2110 2128 2250 2180 bello
2285 2127 2436 2193 capti

1426 2194 1636 2244 coronis
1687 2194 1857 2245 induti
1904 2195 2283 2258 vendebantur,
2328 2207 2432 2258 qno

1424 2258 1574 2321 signo
1598 2259 1907 2322 apparebat,
1934 2261 2047 2309 boec
2072 2260 2271 2309 venalia
2292 2272 2435 2308 man-

1427 2324 1568 2437 cipia
1590 2323 1727 2373 bello
1749 2331 1909 2389 capta
1931 2339 2063 2375 esse.
2100 2324 2240 2374 Gell.
2266 2323 2337 2375 N.
2361 2321 2427 2373 A.

1423 2402 1457 2436 v
1482 2389 1518 2451 i,
1538 2393 1586 2441 4.

1365 2453 1622 2570 Corvepgu
1656 2454 1882 2518 mairie,
1920 2452 2154 2519 graviter
2189 2452 2431 2519 objurga·

1432 2526 1518 2569 tus
1608 2521 1644 2582 i,
1665 2524 1715 2569 2.

1365 2585 1639 2650 Corripere,
1654 2598 1842 2649 capere
1861 2584 1907 2636 C
1923 2584 1957 2646 i,
1972 2587 2054 2633 66.
2091 2584 2430 2648 comprehen-

1425 2648 1551 2699 dere
1576 2651 1619 2700 C
1643 2651 1715 2712 iii,
1741 2654 1850 2699 109.
2097 2651 2103 2658 ’

1365 2713 1632 2779 Corruptus
1651 2716 1832 2778 macie,
1853 2712 2154 2764 macilentus
2178 2714 2221 2764 C
2243 2712 2315 2775 iil,
2346 2716 2430 2763 68.

1365 2781 1520 2830 com
1550 2786 1735 2843 ventur,
1768 2795 1799 2831 e
1822 2779 2031 2845 regione
2052 2792 2131 2841 ea,
2158 2793 2274 2844 quae
2295 2778 2435 2828 inter

1428 2846 1757 2896 occidentem
1795 2852 1850 2895 et
1893 2844 2292 2911 septemtriones
2335 2849 2435 2908 est,

1429 2927 1454 2961 s
1494 2912 1634 2961 irans
1656 2912 1704 2961 G
1728 2927 1779 2974 ν,
1799 2917 1848 2963 7.

1367 2976 1460 3026 Cot
1574 2976 1661 3027 Af.
1685 2981 1768 3038 62,
1788 2982 1873 3028 68.

1367 3042 1554 3107 Crates,
1572 3057 1702 3108 opus
1723 3042 1917 3107 plexile
1939 3058 1970 3093 e
1993 3040 2266 3093 viminibus
2290 3040 2339 3093 G
2363 3041 2433 3105 iv,

1431 3112 1512 3157 ιτ.
1549 3124 1600 3169 v,
1621 3110 1706 3161 40.
1739 3108 1830 3169 vii,
1853 3113 1937 3159 81.

1369 3172 1590 3222 Crescere
1626 3188 1716 3237 per
1767 3173 1986 3238 diqtem,
2033 3172 2260 3222 ma‘ores
2304 3184 2433 3234 opes

1429 3238 1674 3301 accipere
1697 3238 1748 3287 G
1771 3240 1807 3302 i,
1828 3244 1911 3289 20.
1977 3250 2031 3286 er
2165 3235 2350 3301 flumen
2372 3250 2436 3285 ex

1428 3303 1615 3352 uiribus
1636 3303 1688 3352 G
1710 3303 1798 3361 vii,
1820 3308 1902 3353 55.
2300 3302 2306 3307 '

1367 3367 1704 3417 cruciabiliter
1723 3366 1814 3417 Af.
1836 3371 1921 3417 46.
1987 3366 2163 3418 Coesar
2192 3363 2328 3415 solet
2357 3362 2436 3413 di-

1430 3447 1570 3494 cere,
1589 3448 1696 3482 cum
1715 3432 1947 3482 credatu.

1368 3499 1643 3559 eruciatus,
1694 3512 1750 3546 su
1838 3496 1850 3508 ‘
1884 3498 1895 3511 ’
2041 3511 2144 3545 cun
2201 3493 2436 3555 mrim,

1430 3578 1548 3613 cum
1581 3576 1772 3612 excrnc
1885 3576 1937 3611 m
1972 3559 2241 3610 tormentis
2278 3558 2437 3609 inter-

1429 3627 1612 3678 ficiunt
1631 3628 1683 3679 G
1708 3627 1777 3689 vi,
1798 3631 1878 3677 17.
1911 3625 1984 3677 cf.
2008 3626 2058 3674 vi
2098 3629 2177 3675 19.
2244 3623 2348 3674 Sed
2379 3623 2433 3674 G

1430 3693 1468 3756 i,
1509 3698 1593 3744 31.
1665 3704 1792 3742 erac.
1847 3698 1904 3742 et
2081 3692 2091 3702 '
2139 3704 2217 3740 um
2250 3703 2435 3754 synon.

1431 3767 1570 3810 sunt.

1369 3823 1560 3884 Cultus,
1585 3822 1706 3873 vitae
1730 3837 1892 3887 genus
1914 3821 2184 3873 humanius
2209 3820 2258 3871 G
2284 3821 2318 3883 i,
2351 3823 2435 3869 81.

1430 3889 1624 3939 ibidem
1677 3891 1955 3939 consuetudo
2017 3888 2174 3937 victus
2225 3885 2434 3936 dicitur.

1429 3955 1570 4004 Vite
1611 3955 1766 4015 ratio,
1807 3955 1873 4005 ab
1915 3954 2055 4007 omni
2089 3952 2319 4003 ruditate
2355 3965 2435 3998 re·

1428 4029 1575 4069 mota
1597 4019 1646 4069 G
1673 4020 1708 4084 i,
1733 4025 1780 4069 1.

1369 4086 1604 4135 Cunctatus
1633 4083 1980 4149 (universnm)
2010 4096 2207 4147 reg-mm
2237 4077 2326 4129 Af.
2350 4081 2435 4154 91.

1369 4151 1575 4213 Cuneus,
1614 4164 1775 4215 genus
1815 4152 1967 4212 aciei,
2005 4163 2120 4199 cum
2157 4145 2345 4208 milites
2382 4157 2435 4191 m

1432 4214 1653 4266 formam
1677 4216 1828 4266 cunei
1850 4215 2140 4266 consistunt
2171 4210 2222 4260 G
2243 4208 2313 4270 vl,
2352 4212 2434 4257 40.

1434 4281 1543 4343 viii,
1587 4287 1666 4332 14.
1727 4282 1864 4332 Hinc
1907 4278 2140 4330 cuneatim
2184 4276 2437 4324 consistere

1433 4348 1485 4399 G
1509 4345 1600 4409 vii,
1622 4350 1706 4396 27.
