3017 4925
487 420 702 510 2022
1222 440 1529 512 sossrhl
1578 462 1708 513 scA
1721 463 1978 515 manu

505 602 724 683 hodie,
769 603 1054 670 ditione
1073 605 1443 688 imminuta,
1484 626 1726 674 nomen
1752 610 2102 692 integrum
2151 546 2439 675 retinuit.
2526 582 2711 690 Quin

507 710 708 775 etiam
738 709 1051 795 quicquid
1094 708 1177 773 ad
1216 710 1646 795 Burdigalam
1686 713 1897 777 solam
1940 712 2240 796 pertinet,
2283 712 2355 777 id
2380 731 2517 777 non
2548 713 2725 778 Bur

506 812 843 896 digalense
894 811 1092 878 hodie
1140 819 1436 893 vocatur,
1484 814 1605 879 sed
1649 812 2082 898 Aquitanum,
2122 815 2228 878 vel
2271 796 2723 879 Guiennense.

508 913 598 979 Et
619 918 804 980 curia
846 914 1222 999 Burdigalae
1266 917 1499 995 minor,
1539 936 1584 982 a
1610 936 1744 1002 qua
1782 915 2179 999 provocatio
2224 921 2327 980 est
2368 912 2456 979 ad
2484 914 2725 981 Parla-

504 1023 821 1097 mentum,
853 1019 1043 1082 curia
1080 1017 1431 1098 Guiennae,
1459 1025 1529 1084 et
1546 1018 1817 1104 judices
1856 1017 2182 1083 Guiennae
2215 1023 2556 1096 vocantur,
2582 1034 2719 1083 non

506 1116 914 1202 Burdigalae.
1002 1120 1180 1185 Haec
1228 1122 1427 1204 igitur
1465 1120 1795 1199 Guienna,
1846 1139 2001 1206 quae
2045 1119 2253 1185 hodie
2282 1125 2569 1205 quatuor
2602 1119 2721 1187 Se-

502 1220 881 1290 nesehalliis
908 1232 1235 1301 censetur,
1263 1226 1492 1290 vocari
1513 1224 1662 1309 jure
1678 1224 1910 1289 merito
1934 1228 2154 1308 potest
2178 1220 2550 1306 Aquitania
2577 1223 2729 1289 sive

505 1323 814 1392 Guienna
870 1326 1197 1393 Ludovici
1242 1326 1384 1394 xl.
1473 1325 1677 1406 Quod
1732 1327 1879 1392 dixi
1939 1326 2022 1391 de
2067 1325 2399 1403 Pictonio,
2447 1344 2604 1389 cum
2648 1324 2720 1419 in

502 1428 702 1495 feudo
731 1428 1112 1516 Aquitaniae
1144 1433 1287 1497 sive
1313 1431 1638 1497 Guiennae
1671 1429 2164 1515 comprehendit
2194 1426 2546 1492 Edoardus
2576 1425 2721 1493 111.

502 1533 675 1597 scito
699 1552 884 1617 saepe
911 1534 1261 1599 exclusum
1302 1532 1514 1599 fuisse
1557 1553 1646 1598 ex
1673 1530 2057 1617 Aquitania,
2096 1536 2171 1596 ut
2208 1532 2335 1596 sub
2365 1529 2729 1595 Ludovico

503 1632 650 1701 lx.
708 1635 794 1711 (is
851 1641 952 1700 est
1007 1634 1293 1700 Sanctus
1342 1634 1752 1713 Ludovicus)
1805 1654 1990 1717 saepe
2039 1636 2410 1701 restitutum
2481 1631 2737 1719 finibus-

501 1734 914 1822 Aquitaniae.
961 1737 1156 1804 Certe
1184 1738 1380 1805 hodie
1406 1759 1539 1804 non
1566 1758 1778 1822 parva
1803 1756 1962 1823 pars
1990 1736 2284 1803 Pictonii
2313 1734 2547 1802 dicunt
2576 1752 2727 1801 seso

503 1837 985 1922 Guiennenses,
1014 1847 1090 1907 ut
1109 1843 1270 1908 olim
1298 1848 1480 1907 erant
1502 1862 1574 1906 re
1599 1861 1783 1927 vera,

519 1940 946 2007 Comitatus
1005 1942 1473 2021 Avenionensis,
1524 1943 1693 2009 alias
1752 1922 2128 2009 Comitatus
2194 1938 2455 2021 Venisse,
2521 1943 2728 2009 habet

502 2051 790 2132 quatuor
837 2046 1206 2115 Dioeceses.
1297 2044 1523 2113 Unum
1553 2044 2233 2135 Archiepiscopatnm
2260 2043 2721 2128 Avenionem3

499 2153 632 2215 tres
687 2148 1143 2234 Episcopatus
1207 2148 1543 2217 Avenioni
1610 2150 2084 2235 suffragantes:
2175 2149 2720 2234 Carpentoracte,

502 2250 959 2335 Cabalionem,
978 2253 1380 2323 Vasionem:
1401 2261 1475 2322 ut
1491 2256 1652 2322 alibi
1672 2256 2069 2321 notavimus.
2113 2253 2330 2318 Totus
2347 2251 2720 2318 Comitatus

498 2355 611 2422 ille
640 2357 1202 2441 comprehendens
1232 2364 1522 2443 quatuor
1548 2357 1699 2424 illas
1729 2356 2085 2422 Dioeceses
2114 2356 2311 2422 datus
2340 2355 2468 2422 fnit
2495 2355 2727 2423 Ponti-

499 2454 612 2526 fici
642 2457 957 2526 Romano
985 2481 1027 2525 a
1052 2459 1099 2525 J
1102 2460 1362 2528 ohanna
1389 2458 1651 2546 Regina
1680 2457 2034 2545 Neapolis,
2064 2465 2131 2525 et
2160 2458 2522 2528 Comitissa
2550 2460 2723 2527 Pro-

495 2563 765 2643 vinciae,
793 2565 862 2628 in
906 2566 1518 2649 compensationem
1562 2564 1788 2630 tributi
1819 2562 2033 2649 Papae
2072 2583 2193 2649 per
2226 2564 2468 2631 multos
2506 2547 2719 2640 annos

495 2685 626 2733 non
658 2668 856 2732 soluti
889 2668 1153 2733 nomine
1180 2669 1364 2753 regni
1396 2665 1869 2752 Neapolitani;
1888 2667 2087 2753 cujus
2115 2667 2553 2734 feudatarium
2582 2666 2723 2734 Do·

495 2770 749 2835 minum
777 2770 941 2838 dicit
968 2792 1040 2836 se
1067 2771 1283 2856 Papa.
1354 2771 1596 2859 Itaque
1624 2769 1782 2837 Rex
1812 2769 2118 2837 Franciae
2143 2769 2358 2836 nihil
2327 2770 2503 2856 Juris
2519 2767 2725 2839 habet

498 2872 572 2939 in
599 2872 787 2938 illum
818 2872 1251 2943 Comitatum.

539 3063 548 3066 -
590 2972 981 3060 Burgundio:
1009 2974 1383 3045 Comitatus.
1427 2976 1553 3046 Est
1567 2977 1837 3045 feudum
1858 2976 2136 3065 Imperii
2157 2978 2283 3044 sub
2305 2976 2725 3061 protectione

496 3076 930 3146 Bernensium
989 3078 1490 3148 Helvetiorum.
1471 3103 1490 3122 ·
1559 3079 2147 3167 quemadmodum
2188 3077 2550 3145 Dunkerka
2620 3084 2723 3145 est

494 3178 856 3249 Borboniae
916 3182 1216 3262 familiae,
1272 3184 1557 3271 ideoque
1612 3184 1791 3268 regis
1849 3182 2176 3250 Franciae.
2278 3181 2417 3247 Sed
2469 3180 2722 3248 Comes

498 3280 838 3352 F'landriae
877 3291 980 3352 est
1019 3286 1351 3354 Dominus
1396 3287 1828 3370 feudatarius,
1887 3286 1973 3352 ad
2027 3287 2219 3422 cujus
2266 3284 2633 3351 tribunalia
2681 3303 2725 3350 a

498 3384 884 3455 Dunkerkae
903 3391 1132 3477 Judice
1161 3393 1563 3477 appellatur.
1692 3433 1701 3442 ·

507 3487 919 3555 Charolois
973 3499 1075 3559 est
1116 3495 1292 3578 regis
1341 3493 1865 3580 Hispaniarum,
1937 3491 2056 3559 sed
2104 3467 2224 3558 rex
2268 3490 2579 3560 Franciae
2623 3495 2726 3558 est

496 3591 824 3659 Dominus
848 3594 1285 3740 feudatarius.
1372 3595 1500 3663 Est
1541 3596 1835 3682 simplex
1860 3592 2155 3674 feudum,
2183 3612 2401 3680 neque
2424 3593 2725 3732 supremi

491 3693 689 3824 3ιιιίε.

581 3795 1087 3865 Armoniacensis
1113 3800 1338 3886 (vulgo
1366 3798 1764 3888 Armagnac)
1790 3797 2163 3867 Comitatus
2198 3799 2507 3867 continet
2522 3799 2721 3874 Βίωτ

495 3915 682 3966 ceses
732 3900 905 3967 duas
946 3902 1120 3968 ultra
1166 3902 1600 3984 Garumnam,
1642 3919 1880 3989 nempe
1908 3899 2473 3981 Lactoratensem,
2524 3902 2724 3996 vulgo

501 3996 867 4083 iaictoure,
900 4007 966 4070 et
1010 4001 1436 4071 Auscensem
1474 4005 1716 4090 (vulgo
1754 4002 1997 4089 Auem)
2044 4003 2477 4092 Metropolim
2516 4004 2725 4076 totius

495 4104 1171 4193 Novempopulaniae,
1220 4109 1365 4176 sive
1417 4106 1807 4175 Vasconiae.
1882 4107 2252 4244 Subjicitnr
2303 4106 2725 4254 Parlamento

497 4207 859 4276 Tolosano.
1037 4233 1044 4240 ·

508 4293 518 4304 ⁰
588 4308 1010 4400 Bigerronum
1039 4237 1413 4382 Comitatus
1432 4311 1524 4403 (le
1549 4310 1765 4381 Comei
1791 4313 1867 4381 de
1892 4310 2205 4402 Bigorre)
2221 4311 2509 4380 continet
2526 4329 2731 4377 unum
