3017 4925
982 442 1048 489 o.
1093 439 1297 490 sunu
1345 436 1698 490 cAESAms.
2262 418 2437 485 2075

638 582 807 643 Lisez
832 582 1037 642 liseurs
1062 583 1265 642 atti-eit
1283 591 1343 640 et
1369 579 1653 641 entendez

641 680 717 739 Et
744 699 818 738 ne
844 678 1012 758 iugez
1041 700 1073 737 a
1102 699 1350 740 cerueau
1377 679 1649 758 e'stourdy

639 777 762 837 soit
791 778 925 837 bien
956 780 1071 838 soit
1098 779 1211 838 mal
1239 799 1351 857 qne
1379 787 1558 836 auant
1586 778 1860 855 regal-dez

635 874 860 933 Leuure
885 894 957 934 en
990 874 1132 934 latin
1159 876 1305 936 dont
1333 895 1399 934 ce
1427 875 1574 934 liure
1600 884 1694 935 est
1720 884 1894 954 patty

636 970 798 1032 Vous
823 979 1130 1032 trouuerez
1155 992 1270 1050 que
1296 972 1348 1030 ie
1368 972 1772 1050 lay'oonverty

637 1066 806 1126 Selon
824 1067 889 1126 ‘le
917 1087 1046 1127 sens
1075 1069 1177 1128 des
1203 1077 1363 1127 motz
1389 1078 1449 1126 et
1475 1067 1552 1128 de
1579 1069 1637 1127 la
1662 1068 1832 1128 lettre

635 1165 715 1223 Et
741 1184 878 1224 mon
905 1165 1176 1245 francoys
1203 1185 1277 1225 en
1303 1165 1445 1224 latin
1471 1176 1698 1243 assotty

625 1261 709 1322 Le
735 1260 866 1339 plus
894 1281 969 1322 au
999 1261 1154 1323 brief
1173 1282 1287 1341 que
1306 1263 1520 1323 le‘tout
1545 1284 1609 1323 se
1635 1263 1812 1341 peult.
1825 1271 2059 1323 mettre.

320 1451 408 1512 Ce
434 1462 668 1531 present
693 1474 870 1516 euure
898 1456 1002 1516 des
1031 1456 1472 1518 commentaires
1489 1456 1567 1517 de
1589 1456 1623 1516 J
1630 1456 1750 1517 ules
1762 1457 1961 1530 Cesar,
1990 1463 2116 1516 tant
2134 1453 2238 1514 des
2266 1473 2433 1533 guer-

322 1565 409 1607 res
434 1550 634 1610 ciuiles
664 1571 779 1629 que
810 1553 1028 1624 Gaude,
1069 1564 1175 1616 ont
1212 1563 1335 1614 este
1378 1553 1639 1614 acheuez
1688 1553 2027 1633 dimprimer
2066 1571 2139 1612 en
2173 1552 2232 1610 la
2257 1551 2434 1610 noble

324 1645 446 1706 uine
473 1659 532 1709 et
560 1650 677 1710 cite
719 1650 793 1710 de
824 1651 983 1711 Paris
1033 1652 1088 1712 le
1149 1668 1361 1713 xvnl.
1401 1652 1546 1730 jour
1572 1651 1655 1712 du
1695 1670 1864 1731 moys
1893 1649 1966 1710 de
2008 1652 2171 1728 May,
2197 1649 2293 1708 lan
2334 1648 2438 1708 mil

325 1742 452 1822 cinq
479 1766 614 1806 cens
644 1756 833 1807 trente
860 1758 919 1809 et
947 1768 1083 1827 vng.
1126 1750 1239 1810 Par
1267 1750 1500 1809 maistre
1531 1750 1724 1809 Pierre
1747 1747 1973 1808 Vidoue
1994 1747 2349 1825 impriment,
2375 1755 2438 1806 et

323 1838 541 1902 libraire
571 1831 714 1916 inre,
742 1845 902 1905 Pom·
930 1845 1235 1906 honnestes
1265 1863 1579 1927 personnes
1603 1848 1659 1906 le
1675 1848 1887 1919 Preux,
1907 1854 1970 1906 et
1996 1844 2198 1906 Galiot
2218 1843 2300 1903 du
2328 1861 2436 1923 pre

322 1933 569 2000 libraires
596 1941 757 2001 iurez
785 1943 860 2002 de
901 1943 1233 2004 luniversite
1254 1944 1467 2006 dudict
1505 1944 1643 2006 lieu.
1688 1960 1854 2005 ΜΛ).
1893 1944 2120 2003 xxm?
2159 1940 2261 2001 fol.
2292 1941 2434 2000 min.

324 2032 584 2113 Repetita
610 2039 839 2099 Parisiis
868 2059 966 2099 an.
1001 2047 1177 2111 1539.
1200 2040 1301 2100 fol.
1330 2050 1390 2101 et
1416 2039 1592 2101 1546.
1630 2047 1721 2101 12.

261 2135 393 2189 1555
434 2133 542 2192 Les
569 2136 1030 2197 commentaires
1059 2137 1136 2199 de
1181 2138 1346 2199 Jules
1373 2139 1555 2200 Cesar
1582 2138 1891 2200 translates
1924 2155 2032 2215 par
2057 2135 2332 2196 Estienne
2360 2133 2437 2194 de

321 2226 526 2308 Lnigue
575 2244 639 2293 et
679 2235 903 2294 Robert
930 2236 1207 2315 Gaguin;
1256 2255 1425 2295 revus
1464 2244 1525 2295 et
1551 2231 1919 2298 verifiee'sur
1944 2236 2030 2296 les
2057 2233 2206 2293 vrais
2246 2252 2438 2292 exem·

321 2323 519 2400 plaires
569 2329 740 2389 latins
786 2349 894 2409 par
933 2333 1186 2392 Antoine
1241 2332 1324 2392 du
1372 2333 1626 2392 Moulin.
1673 2333 1711 2391 ὲ
1759 2335 1944 2413 Lyon,
1989 2333 2131 2393 cbez
2151 2331 2315 2392 'Jean
2362 2328 2436 2388 de

323 2420 593 2487 Toumes.
650 2436 685 2489 2
718 2428 853 2489 voll.
887 2428 982 2491 16.
1038 2430 1313 2508 Repetite
1339 2428 1571 2489 Parisiis
1599 2448 1694 2489 an.
1732 2427 1905 2501 1569.
1936 2437 1993 2491 8.

261 2518 398 2586 1576
437 2523 545 2583 Les
575 2527 1039 2587 commentaire-s
1082 2528 1157 2587 de
1182 2528 1346 2588 Jules
1374 2528 1575 2602 cesar,
1604 2527 1851 2589 traduits
1889 2536 1948 2587 et
1974 2526 2233 2586 illustret
2273 2522 2434 2582 d'an-

321 2620 603 2683 notations
623 2642 732 2703 par
754 2624 945 2687 Blnise
967 2625 1043 2685 de
1063 2627 1367 2706 Vigenere.
1395 2625 1432 2686 ὲ
1461 2625 1641 2686 Paris.
1671 2636 1733 2688 4.
1775 2624 1999 2686 Eadem
2016 2622 2201 2685 versio
2228 2619 2438 2680 dehine

319 2717 552 2791 repetita
581 2721 837 2799 prodiit:

258 2813 391 2869 1584
430 2808 678 2879 Parisiis.
706 2829 761 2889 4,

258 2910 393 2978 1589
432 2912 687 2987 Parisiis,
718 2917 880 2997 apud
910 2918 1206 2997 Angellar.
1238 2918 1339 2979 fol.

259 2998 396 3063 1600
436 3007 689 3074 Parisiis.
726 3024 820 3077 12.
850 3016 1009 3096 apud
1039 3020 1169 3079 Jac.
1192 3017 1444 3078 Chouet.
1506 3006 1512 3009 ⁷

257 3094 390 3162 1602
430 3107 704 3172 Genevae.
741 3122 833 3174 12.
896 3142 905 3151 ·

262 3192 395 3258 1603
438 3203 691 3269 Parisii&
723 3218 780 3269 4.

260 3288 395 3365 1609
433 3301 685 3365 Parisiis.
725 3305 833 3367 fol.
861 3306 1064 3369 addita
1092 3309 1526 3389 comparatione
1553 3309 1800 3373 Caesatis
1840 3315 1902 3367 et
1947 3266 2192 3368 Remini
2223 3307 2433 3387 quarti,

320 3404 547 3460 auctore
577 3402 719 3462 Cnt.
751 3404 1039 3465 Bandolo.

132 3516 139 3523 ·
263 3481 397 3556 1617
436 3493 684 3558 Parisiis.
714 3500 816 3560 fol.
850 3521 923 3561 ex
951 3500 1335 3562 antecedente
1361 3520 1586 3562 recusa.
1666 3499 1943 3561 Tandem

267 3579 402 3645 1625
445 3590 498 3651 h.
531 3596 621 3655 tit.
652 3597 765 3656 Les
798 3598 1262 3659 commentaires
1303 3599 1380 3660 de
1405 3600 1442 3660 J
1448 3599 1568 3659 ules
1607 3599 1809 3671 Cesar,
1844 3609 1906 3660 et
1945 3598 2028 3658 les
2067 3596 2436 3659 annotatione

323 3679 395 3741 de
447 3689 637 3753 Blaise
686 3695 761 3755 de
813 3696 1116 3775 Vigenere.
1195 3697 1362 3757 Avec
1418 3696 1500 3756 les
1556 3696 1857 3777 paralleles
1899 3695 1978 3756 de
2024 3695 2207 3756 cesar
2257 3703 2319 3755 et
2358 3694 2436 3758 de

325 3777 512 3866 fleury
569 3806 662 3851 tv,
720 3790 795 3852 de
848 3812 1119 3853 nouveau
1159 3793 1414 3854 illustrez
1461 3793 1537 3853 de
1591 3794 1872 3854 maximes
1913 3793 2246 3873 politiques.
2324 3793 2439 3855 Par

330 3876 617 3946 Anthoine
643 3888 720 3949 de
749 3891 1027 3951 Bandole.
1076 3893 1353 3953 Demiere
1373 3892 1611 3952 edition.
1668 3892 1704 3952 ὲ
1733 3892 1905 3952 Paris.
1928 3901 1986 3953 4.

267 3964 403 4032 1636
443 3980 521 4040 Le
548 3986 761 4063 pal-finit
806 3987 1134 4066 Capitaine‚
1183 4009 1258 4049 ou
1289 3989 1526 4066 Abrege
1555 3988 1659 4048 des
1688 3990 1947 4049 Guerres
1987 3987 2093 4048 des
2120 3989 2435 4049 Commen-

330 4072 487 4138 lairee
527 4083 600 4143 de
631 4086 845 4156 cesai-3
896 4105 1038 4146 aveo
1081 4106 1156 4146 un
1182 4086 1387 4146 Traite
1428 4086 1504 4146 de
1543 4088 1815 4146 l'interest
1856 4086 1959 4145 des
2005 4085 2276 4145 Princes:
2330 4102 2439 4161 par

329 4166 519 4256 Henry
546 4183 683 4242 Duc
731 4182 803 4242 de
835 4184 1061 4244 Rohan.
1117 4184 1153 4244 ὲ
1182 4184 1362 4244 Paris.
1412 4193 1468 4243 4.
1525 4185 1759 4245 Recusa
1798 4184 1941 4244 ibid.
1987 4201 2083 4246 an.
2121 4179 2292 4251 1639.
2338 4189 2432 4241 12.

336 4263 498 4332 1644.
519 4284 576 4338 4.
613 4276 785 4341 1656.
822 4289 915 4344 12.
951 4277 1247 4351 1667.12.
1291 4285 1478 4343 Amst.
1513 4280 1684 4356 1692.
1722 4288 1814 4348 12.
1843 4288 1905 4341 et
1928 4278 2138 4359 Lipsiae
2174 4285 2345 4349 1729·
2376 4285 2435 4340 ε.
