<?xml version="1.0" encoding="UTF-8"?>
<!DOCTYPE html PUBLIC "-//W3C//DTD XHTML 1.0 Transitional//EN"
    "http://www.w3.org/TR/xhtml1/DTD/xhtml1-transitional.dtd">
<html xmlns="http://www.w3.org/1999/xhtml" xml:lang="en" lang="en">
 <head>
  <title>
</title>
<meta http-equiv="Content-Type" content="text/html;charset=utf-8" />
  <meta name='ocr-system' content='tesseract 3.04.00' />
  <meta name='ocr-capabilities' content='ocr_page ocr_carea ocr_par ocr_line ocrx_word'/>
</head>
<body>
  <div class='ocr_page' id='page_1' title='image "./cjuliicaesariso00plutgoog_0048.png"; bbox 0 0 3017 4925; ppageno 0'>
   <div class='ocr_carea' id='block_1_1' title="bbox 486 355 2042 424">
    <p class='ocr_par' dir='ltr' id='par_1_1' title="bbox 486 355 2042 424">
     <span class='ocr_line' id='line_1_1' title="bbox 486 355 2042 424; baseline -0.001 -1"><span class='ocrx_word' id='word_1_1' title='bbox 486 355 663 424; x_wconf 72' lang='grc' dir='ltr'>-ΠΙΘ</span> <span class='ocrx_word' id='word_1_2' title='bbox 1134 367 1198 421; x_wconf 70' lang='lat' dir='ltr'>J.</span> <span class='ocrx_word' id='word_1_3' title='bbox 1245 371 1459 424; x_wconf 67' lang='lat' dir='ltr'>canai</span> <span class='ocrx_word' id='word_1_4' title='bbox 1502 371 2042 423; x_wconf 64' lang='lat' dir='ltr'>constan-man</span> 
     </span>
    </p>
   </div>
   <div class='ocr_carea' id='block_1_2' title="bbox 488 520 2736 4013">
    <p class='ocr_par' dir='ltr' id='par_1_2' title="bbox 488 520 2736 4013">
     <span class='ocr_line' id='line_1_2' title="bbox 488 520 2697 602; baseline -0 -18"><span class='ocrx_word' id='word_1_5' title='bbox 488 522 718 592; x_wconf 66' lang='lat' dir='ltr'>fraenari</span> <span class='ocrx_word' id='word_1_6' title='bbox 755 530 1071 602; x_wconf 85' lang='lat' dir='ltr'>nequeant.</span> <span class='ocrx_word' id='word_1_7' title='bbox 1142 520 1506 598; x_wconf 74' lang='lat' dir='ltr'>conjurasse</span> <span class='ocrx_word' id='word_1_8' title='bbox 1549 529 1746 582; x_wconf 81' lang='lat' dir='ltr'>antem</span> <span class='ocrx_word' id='word_1_9' title='bbox 1790 521 1999 600; x_wconf 79' lang='lat' dir='ltr'>Belgas</span> <span class='ocrx_word' id='word_1_10' title='bbox 2042 540 2269 594; x_wconf 76' lang='lat' dir='ltr'>omnes,</span> <span class='ocrx_word' id='word_1_11' title='bbox 2315 526 2376 581; x_wconf 87' lang='lat' dir='ltr'>et</span> <span class='ocrx_word' id='word_1_12' title='bbox 2417 539 2558 583; x_wconf 88' lang='lat' dir='ltr'>cum</span> <span class='ocrx_word' id='word_1_13' title='bbox 2599 521 2697 583; x_wconf 76' lang='lat' dir='ltr'>his</span> 
     </span>
     <span class='ocr_line' id='line_1_3' title="bbox 490 618 2692 699; baseline -0 -17"><span class='ocrx_word' id='word_1_14' title='bbox 490 624 845 691; x_wconf 87' lang='lat' dir='ltr'>Germanos,</span> <span class='ocrx_word' id='word_1_15' title='bbox 875 620 975 699; x_wconf 89' lang='lat' dir='ltr'>qui</span> <span class='ocrx_word' id='word_1_16' title='bbox 1006 620 1092 679; x_wconf 88' lang='lat' dir='ltr'>cis</span> <span class='ocrx_word' id='word_1_17' title='bbox 1123 621 1391 680; x_wconf 79' lang='lat' dir='ltr'>Rhenum</span> <span class='ocrx_word' id='word_1_18' title='bbox 1425 620 1793 681; x_wconf 68' lang='lat' dir='ltr'>babitarenti</span> <span class='ocrx_word' id='word_1_19' title='bbox 1835 640 1896 680; x_wconf 83' lang='lat' dir='ltr'>se</span> <span class='ocrx_word' id='word_1_20' title='bbox 1923 639 1961 679; x_wconf 86' lang='lat' dir='ltr'>a</span> <span class='ocrx_word' id='word_1_21' title='bbox 1985 619 2121 680; x_wconf 90' lang='lat' dir='ltr'>belli</span> <span class='ocrx_word' id='word_1_22' title='bbox 2147 618 2403 680; x_wconf 87' lang='lat' dir='ltr'>consiliis</span> <span class='ocrx_word' id='word_1_23' title='bbox 2429 619 2692 692; x_wconf 55' lang='lat' dir='ltr'>alienon</span> 
     </span>
     <span class='ocr_line' id='line_1_4' title="bbox 495 715 2698 796; baseline -0 -19"><span class='ocrx_word' id='word_1_24' title='bbox 495 717 693 796; x_wconf 89' lang='lat' dir='ltr'>itaque</span> <span class='ocrx_word' id='word_1_25' title='bbox 739 719 1093 778; x_wconf 84' lang='lat' dir='ltr'>deditionem</span> <span class='ocrx_word' id='word_1_26' title='bbox 1136 729 1195 777; x_wconf 87' lang='lat' dir='ltr'>et</span> <span class='ocrx_word' id='word_1_27' title='bbox 1246 717 1488 776; x_wconf 87' lang='lat' dir='ltr'>obsides</span> <span class='ocrx_word' id='word_1_28' title='bbox 1537 729 1596 776; x_wconf 90' lang='lat' dir='ltr'>et</span> <span class='ocrx_word' id='word_1_29' title='bbox 1643 715 1821 796; x_wconf 86' lang='lat' dir='ltr'>opida</span> <span class='ocrx_word' id='word_1_30' title='bbox 1872 727 1934 777; x_wconf 89' lang='lat' dir='ltr'>et</span> <span class='ocrx_word' id='word_1_31' title='bbox 1999 716 2352 776; x_wconf 82' lang='lat' dir='ltr'>frumentum</span> <span class='ocrx_word' id='word_1_32' title='bbox 2414 726 2475 776; x_wconf 89' lang='lat' dir='ltr'>et</span> <span class='ocrx_word' id='word_1_33' title='bbox 2521 736 2698 776; x_wconf 88' lang='lat' dir='ltr'>omne</span> 
     </span>
     <span class='ocr_line' id='line_1_5' title="bbox 492 812 2696 894; baseline 0 -20"><span class='ocrx_word' id='word_1_34' title='bbox 492 834 676 894; x_wconf 80' lang='lat' dir='ltr'>genus</span> <span class='ocrx_word' id='word_1_35' title='bbox 703 814 972 892; x_wconf 82' lang='lat' dir='ltr'>obsequii</span> <span class='ocrx_word' id='word_1_36' title='bbox 1010 813 1299 892; x_wconf 87' lang='lat' dir='ltr'>promptis</span> <span class='ocrx_word' id='word_1_37' title='bbox 1338 814 1548 872; x_wconf 86' lang='lat' dir='ltr'>offerre</span> <span class='ocrx_word' id='word_1_38' title='bbox 1585 814 1813 874; x_wconf 85' lang='lat' dir='ltr'>animis.</span> <span class='ocrx_word' id='word_1_39' title='bbox 1894 814 2166 894; x_wconf 82' lang='lat' dir='ltr'>Cumque</span> <span class='ocrx_word' id='word_1_40' title='bbox 2206 834 2279 873; x_wconf 82' lang='lat' dir='ltr'>ex</span> <span class='ocrx_word' id='word_1_41' title='bbox 2327 814 2417 873; x_wconf 79' lang='lat' dir='ltr'>his</span> <span class='ocrx_word' id='word_1_42' title='bbox 2459 812 2588 890; x_wconf 85' lang='lat' dir='ltr'>jam</span> <span class='ocrx_word' id='word_1_43' title='bbox 2636 814 2696 874; x_wconf 88' lang='lat' dir='ltr'>in</span> 
     </span>
     <span class='ocr_line' id='line_1_6' title="bbox 493 909 2701 990; baseline 0 -20"><span class='ocrx_word' id='word_1_44' title='bbox 493 909 674 971; x_wconf 86' lang='lat' dir='ltr'>fidem</span> <span class='ocrx_word' id='word_1_45' title='bbox 706 914 952 990; x_wconf 78' lang='lat' dir='ltr'><strong>receptis</strong></span> <span class='ocrx_word' id='word_1_46' title='bbox 991 921 1278 989; x_wconf 78' lang='lat' dir='ltr'>quaereret</span> <span class='ocrx_word' id='word_1_47' title='bbox 1320 910 1667 989; x_wconf 75' lang='lat' dir='ltr'>scrupulose</span> <span class='ocrx_word' id='word_1_48' title='bbox 1710 909 1786 972; x_wconf 87' lang='lat' dir='ltr'>de</span> <span class='ocrx_word' id='word_1_49' title='bbox 1827 909 2046 972; x_wconf 83' lang='lat' dir='ltr'>viribus</span> <span class='ocrx_word' id='word_1_50' title='bbox 2091 909 2372 981; x_wconf 83' lang='lat' dir='ltr'>hostium,</span> <span class='ocrx_word' id='word_1_51' title='bbox 2408 909 2701 990; x_wconf 89' lang='lat' dir='ltr'>comperit</span> 
     </span>
     <span class='ocr_line' id='line_1_7' title="bbox 494 1007 2702 1087; baseline -0.001 -19"><span class='ocrx_word' id='word_1_52' title='bbox 494 1027 597 1068; x_wconf 90' lang='lat' dir='ltr'>eos</span> <span class='ocrx_word' id='word_1_53' title='bbox 653 1009 976 1087; x_wconf 78' lang='lat' dir='ltr'>antiquitus</span> <span class='ocrx_word' id='word_1_54' title='bbox 1030 1028 1063 1067; x_wconf 90' lang='lat' dir='ltr'>a</span> <span class='ocrx_word' id='word_1_55' title='bbox 1117 1010 1425 1070; x_wconf 85' lang='lat' dir='ltr'>Germanis</span> <span class='ocrx_word' id='word_1_56' title='bbox 1476 1009 1760 1087; x_wconf 79' lang='lat' dir='ltr'><strong>originem</strong></span> <span class='ocrx_word' id='word_1_57' title='bbox 1816 1007 2056 1080; x_wconf 86' lang='lat' dir='ltr'>ducere,</span> <span class='ocrx_word' id='word_1_58' title='bbox 2110 1007 2504 1087; x_wconf 83' lang='lat' dir='ltr'>Rhenumque</span> <span class='ocrx_word' id='word_1_59' title='bbox 2558 1007 2702 1067; x_wconf 88' lang='lat' dir='ltr'>olim</span> 
     </span>
     <span class='ocr_line' id='line_1_8' title="bbox 494 1106 2701 1184; baseline 0.001 -20"><span class='ocrx_word' id='word_1_60' title='bbox 494 1113 883 1184; x_wconf 73' lang='lat' dir='ltr'>transgressos</span> <span class='ocrx_word' id='word_1_61' title='bbox 921 1125 1156 1165; x_wconf 89' lang='lat' dir='ltr'>omnem</span> <span class='ocrx_word' id='word_1_62' title='bbox 1200 1125 1359 1184; x_wconf 79' lang='lat' dir='ltr'>saepe</span> <span class='ocrx_word' id='word_1_63' title='bbox 1398 1106 1660 1167; x_wconf 88' lang='lat' dir='ltr'>Galliam</span> <span class='ocrx_word' id='word_1_64' title='bbox 1697 1124 1958 1175; x_wconf 75' lang='lat' dir='ltr'>vexasse,</span> <span class='ocrx_word' id='word_1_65' title='bbox 2003 1106 2255 1184; x_wconf 87' lang='lat' dir='ltr'>populos</span> <span class='ocrx_word' id='word_1_66' title='bbox 2299 1106 2418 1165; x_wconf 89' lang='lat' dir='ltr'>suis</span> <span class='ocrx_word' id='word_1_67' title='bbox 2460 1106 2701 1166; x_wconf 87' lang='lat' dir='ltr'>sedibus</span> 
     </span>
     <span class='ocr_line' id='line_1_9' title="bbox 494 1202 2703 1281; baseline 0 -19"><span class='ocrx_word' id='word_1_68' title='bbox 494 1202 780 1281; x_wconf 74' lang='lat' dir='ltr'>ejecisse:</span> <span class='ocrx_word' id='word_1_69' title='bbox 822 1203 1011 1263; x_wconf 87' lang='lat' dir='ltr'>auctis</span> <span class='ocrx_word' id='word_1_70' title='bbox 1038 1202 1293 1281; x_wconf 86' lang='lat' dir='ltr'>denique</span> <span class='ocrx_word' id='word_1_71' title='bbox 1322 1203 1580 1275; x_wconf 79' lang='lat' dir='ltr'>viribus;</span> <span class='ocrx_word' id='word_1_72' title='bbox 1622 1213 1686 1263; x_wconf 87' lang='lat' dir='ltr'>et</span> <span class='ocrx_word' id='word_1_73' title='bbox 1720 1203 1992 1263; x_wconf 83' lang='lat' dir='ltr'>Cimbros</span> <span class='ocrx_word' id='word_1_74' title='bbox 2029 1212 2092 1262; x_wconf 92' lang='lat' dir='ltr'>et</span> <span class='ocrx_word' id='word_1_75' title='bbox 2124 1202 2471 1263; x_wconf 84' lang='lat' dir='ltr'>Theutones</span> <span class='ocrx_word' id='word_1_76' title='bbox 2513 1202 2703 1281; x_wconf 80' lang='lat' dir='ltr'>gentis</span> 
     </span>
     <span class='ocr_line' id='line_1_10' title="bbox 496 1298 2704 1378; baseline 0 -19"><span class='ocrx_word' id='word_1_77' title='bbox 496 1309 765 1359; x_wconf 73' lang='lat' dir='ltr'>auctores</span> <span class='ocrx_word' id='word_1_78' title='bbox 809 1300 929 1359; x_wconf 90' lang='lat' dir='ltr'>suis</span> <span class='ocrx_word' id='word_1_79' title='bbox 978 1298 1196 1361; x_wconf 85' lang='lat' dir='ltr'>finibus</span> <span class='ocrx_word' id='word_1_80' title='bbox 1236 1298 1597 1360; x_wconf 76' lang='lat' dir='ltr'>⁴⁵circuisse.</span> <span class='ocrx_word' id='word_1_81' title='bbox 1690 1300 1850 1358; x_wconf 88' lang='lat' dir='ltr'>Dum</span> <span class='ocrx_word' id='word_1_82' title='bbox 1897 1318 2036 1359; x_wconf 82' lang='lat' dir='ltr'>vero</span> <span class='ocrx_word' id='word_1_83' title='bbox 2078 1299 2154 1358; x_wconf 87' lang='lat' dir='ltr'>de</span> <span class='ocrx_word' id='word_1_84' title='bbox 2199 1317 2462 1371; x_wconf 88' lang='lat' dir='ltr'>numero,</span> <span class='ocrx_word' id='word_1_85' title='bbox 2505 1298 2704 1378; x_wconf 78' lang='lat' dir='ltr'>deque</span> 
     </span>
     <span class='ocr_line' id='line_1_11' title="bbox 494 1396 2704 1477; baseline 0 -22"><span class='ocrx_word' id='word_1_86' title='bbox 494 1396 840 1474; x_wconf 75' lang='lat' dir='ltr'>excellentia</span> <span class='ocrx_word' id='word_1_87' title='bbox 887 1408 1211 1476; x_wconf 85' lang='lat' dir='ltr'>quaereret;</span> <span class='ocrx_word' id='word_1_88' title='bbox 1271 1396 1663 1477; x_wconf 80' lang='lat' dir='ltr'>deprehendit</span> <span class='ocrx_word' id='word_1_89' title='bbox 1704 1398 1854 1457; x_wconf 87' lang='lat' dir='ltr'>inter</span> <span class='ocrx_word' id='word_1_90' title='bbox 1902 1396 2113 1475; x_wconf 83' lang='lat' dir='ltr'>Belgas</span> <span class='ocrx_word' id='word_1_91' title='bbox 2161 1396 2479 1474; x_wconf 89' lang='lat' dir='ltr'>plurimum</span> <span class='ocrx_word' id='word_1_92' title='bbox 2528 1415 2704 1475; x_wconf 80' lang='lat' dir='ltr'>posse</span> 
     </span>
     <span class='ocr_line' id='line_1_12' title="bbox 492 1490 2706 1572; baseline -0 -18"><span class='ocrx_word' id='word_1_93' title='bbox 492 1490 943 1565; x_wconf 64' lang='lat' dir='ltr'>“Bellionatos3</span> <span class='ocrx_word' id='word_1_94' title='bbox 990 1514 1093 1555; x_wconf 89' lang='lat' dir='ltr'>eos</span> <span class='ocrx_word' id='word_1_95' title='bbox 1122 1503 1360 1555; x_wconf 86' lang='lat' dir='ltr'>centum</span> <span class='ocrx_word' id='word_1_96' title='bbox 1400 1494 1578 1565; x_wconf 88' lang='lat' dir='ltr'>milia,</span> <span class='ocrx_word' id='word_1_97' title='bbox 1606 1494 1660 1553; x_wconf 89' lang='lat' dir='ltr'>in</span> <span class='ocrx_word' id='word_1_98' title='bbox 1689 1492 1904 1572; x_wconf 86' lang='lat' dir='ltr'>quibus</span> <span class='ocrx_word' id='word_1_99' title='bbox 1941 1503 2138 1553; x_wconf 86' lang='lat' dir='ltr'>essent</span> <span class='ocrx_word' id='word_1_100' title='bbox 2175 1493 2362 1554; x_wconf 88' lang='lat' dir='ltr'>electa</span> <span class='ocrx_word' id='word_1_101' title='bbox 2400 1493 2706 1572; x_wconf 75' lang='lat' dir='ltr'>sexaginta</span> 
     </span>
     <span class='ocr_line' id='line_1_13' title="bbox 496 1589 2709 1671; baseline -0.001 -20"><span class='ocrx_word' id='word_1_102' title='bbox 496 1589 650 1651; x_wconf 88' lang='lat' dir='ltr'>milia</span> <span class='ocrx_word' id='word_1_103' title='bbox 678 1591 1004 1663; x_wconf 86' lang='lat' dir='ltr'>hominum,</span> <span class='ocrx_word' id='word_1_104' title='bbox 1040 1610 1316 1661; x_wconf 86' lang='lat' dir='ltr'>armasse,</span> <span class='ocrx_word' id='word_1_105' title='bbox 1357 1591 1619 1671; x_wconf 78' lang='lat' dir='ltr'>bellique</span> <span class='ocrx_word' id='word_1_106' title='bbox 1650 1590 1826 1651; x_wconf 88' lang='lat' dir='ltr'>totius</span> <span class='ocrx_word' id='word_1_107' title='bbox 1864 1591 2084 1670; x_wconf 88' lang='lat' dir='ltr'>primas</span> <span class='ocrx_word' id='word_1_108' title='bbox 2120 1590 2234 1650; x_wconf 91' lang='lat' dir='ltr'>sibi</span> <span class='ocrx_word' id='word_1_109' title='bbox 2279 1601 2474 1670; x_wconf 88' lang='lat' dir='ltr'>partes</span> <span class='ocrx_word' id='word_1_110' title='bbox 2502 1610 2709 1669; x_wconf 81' lang='lat' dir='ltr'>expos·</span> 
     </span>
     <span class='ocr_line' id='line_1_14' title="bbox 494 1687 2736 1769; baseline -0.001 -20"><span class='ocrx_word' id='word_1_111' title='bbox 494 1697 665 1749; x_wconf 73' lang='lat' dir='ltr'>cere:</span> <span class='ocrx_word' id='word_1_112' title='bbox 705 1687 1002 1767; x_wconf 84' lang='lat' dir='ltr'>proximos</span> <span class='ocrx_word' id='word_1_113' title='bbox 1029 1709 1153 1749; x_wconf 89' lang='lat' dir='ltr'>esse</span> <span class='ocrx_word' id='word_1_114' title='bbox 1182 1689 1522 1750; x_wconf 82' lang='lat' dir='ltr'>Suessiones</span> <span class='ocrx_word' id='word_1_115' title='bbox 1550 1689 1929 1768; x_wconf 86' lang='lat' dir='ltr'>amplissimos</span> <span class='ocrx_word' id='word_1_116' title='bbox 1964 1698 2140 1767; x_wconf 88' lang='lat' dir='ltr'>atque</span> <span class='ocrx_word' id='word_1_117' title='bbox 2170 1687 2498 1750; x_wconf 85' lang='lat' dir='ltr'>uberrimos</span> <span class='ocrx_word' id='word_1_118' title='bbox 2532 1706 2705 1769; x_wconf 79' lang='lat' dir='ltr'>agros</span> <span class='ocrx_word' id='word_1_119' title='bbox 2730 1701 2736 1708; x_wconf 83' lang='grc'>’</span> 
     </span>
     <span class='ocr_line' id='line_1_15' title="bbox 493 1785 2704 1866; baseline 0 -21"><span class='ocrx_word' id='word_1_120' title='bbox 493 1785 844 1848; x_wconf 76' lang='lat' dir='ltr'>*⁷incolere:</span> <span class='ocrx_word' id='word_1_121' title='bbox 899 1805 1001 1847; x_wconf 79' lang='lat' dir='ltr'>eos</span> <span class='ocrx_word' id='word_1_122' title='bbox 1053 1787 1270 1848; x_wconf 87' lang='lat' dir='ltr'>habere</span> <span class='ocrx_word' id='word_1_123' title='bbox 1321 1787 1747 1866; x_wconf 85' lang='lat' dir='ltr'>quinquaginta</span> <span class='ocrx_word' id='word_1_124' title='bbox 1793 1788 1951 1848; x_wconf 89' lang='lat' dir='ltr'>milia</span> <span class='ocrx_word' id='word_1_125' title='bbox 2003 1795 2403 1848; x_wconf 81' lang='lat' dir='ltr'>armatorum:</span> <span class='ocrx_word' id='word_1_126' title='bbox 2458 1787 2704 1847; x_wconf 88' lang='lat' dir='ltr'>totidem</span> 
     </span>
     <span class='ocr_line' id='line_1_16' title="bbox 496 1882 2705 1963; baseline -0 -19"><span class='ocrx_word' id='word_1_127' title='bbox 496 1883 750 1944; x_wconf 83' lang='lat' dir='ltr'>Nervios</span> <span class='ocrx_word' id='word_1_128' title='bbox 779 1883 1042 1945; x_wconf 90' lang='lat' dir='ltr'>omnium</span> <span class='ocrx_word' id='word_1_129' title='bbox 1072 1882 1490 1956; x_wconf 82' lang='lat' dir='ltr'>ferocissimos,</span> <span class='ocrx_word' id='word_1_130' title='bbox 1531 1884 1872 1945; x_wconf 85' lang='lat' dir='ltr'>Attrebates</span> <span class='ocrx_word' id='word_1_131' title='bbox 1910 1893 2107 1945; x_wconf 90' lang='lat' dir='ltr'>autem</span> <span class='ocrx_word' id='word_1_132' title='bbox 2147 1883 2486 1963; x_wconf 88' lang='lat' dir='ltr'>quindecim</span> <span class='ocrx_word' id='word_1_133' title='bbox 2524 1883 2705 1956; x_wconf 87' lang='lat' dir='ltr'>milia,</span> 
     </span>
     <span class='ocr_line' id='line_1_17' title="bbox 498 1979 2708 2064; baseline 0 -22"><span class='ocrx_word' id='word_1_134' title='bbox 498 1979 824 2042; x_wconf 83' lang='lat' dir='ltr'>Ambianos</span> <span class='ocrx_word' id='word_1_135' title='bbox 873 1980 1077 2041; x_wconf 83' lang='lat' dir='ltr'>decem</span> <span class='ocrx_word' id='word_1_136' title='bbox 1123 1982 1302 2056; x_wconf 86' lang='lat' dir='ltr'>milia,</span> <span class='ocrx_word' id='word_1_137' title='bbox 1341 1982 1611 2043; x_wconf 81' lang='lat' dir='ltr'>Morinos</span> <span class='ocrx_word' id='word_1_138' title='bbox 1661 1981 2127 2064; x_wconf 82' lang='lat' dir='ltr'>vigintiquinque</span> <span class='ocrx_word' id='word_1_139' title='bbox 2170 1981 2347 2055; x_wconf 88' lang='lat' dir='ltr'>milia,</span> <span class='ocrx_word' id='word_1_140' title='bbox 2393 1981 2708 2061; x_wconf 78' lang='lat' dir='ltr'>Menapios</span> 
     </span>
     <span class='ocr_line' id='line_1_18' title="bbox 496 2078 2709 2155; baseline 0.001 -19"><span class='ocrx_word' id='word_1_141' title='bbox 496 2086 722 2155; x_wconf 83' lang='lat' dir='ltr'>septem</span> <span class='ocrx_word' id='word_1_142' title='bbox 794 2078 968 2151; x_wconf 88' lang='lat' dir='ltr'>milia,</span> <span class='ocrx_word' id='word_1_143' title='bbox 1022 2078 1278 2140; x_wconf 68' lang='lat' dir='ltr'>“Caltes</span> <span class='ocrx_word' id='word_1_144' title='bbox 1334 2079 1574 2142; x_wconf 83' lang='lat' dir='ltr'>decem‘</span> <span class='ocrx_word' id='word_1_145' title='bbox 1598 2081 1778 2153; x_wconf 89' lang='lat' dir='ltr'>milia,</span> <span class='ocrx_word' id='word_1_146' title='bbox 1838 2081 2131 2141; x_wconf 84' lang='lat' dir='ltr'>Catuanos</span> <span class='ocrx_word' id='word_1_147' title='bbox 2208 2078 2420 2140; x_wconf 88' lang='lat' dir='ltr'>decem</span> <span class='ocrx_word' id='word_1_148' title='bbox 2492 2098 2709 2139; x_wconf 80' lang='lat' dir='ltr'>novem</span> 
     </span>
     <span class='ocr_line' id='line_1_19' title="bbox 498 2173 2710 2257; baseline 0 -22"><span class='ocrx_word' id='word_1_149' title='bbox 498 2173 679 2246; x_wconf 87' lang='lat' dir='ltr'>milia,</span> <span class='ocrx_word' id='word_1_150' title='bbox 725 2176 984 2254; x_wconf 85' lang='lat' dir='ltr'>reliquos</span> <span class='ocrx_word' id='word_1_151' title='bbox 1021 2176 1245 2255; x_wconf 87' lang='lat' dir='ltr'>aliquot</span> <span class='ocrx_word' id='word_1_152' title='bbox 1285 2178 1544 2257; x_wconf 89' lang='lat' dir='ltr'>populos</span> <span class='ocrx_word' id='word_1_153' title='bbox 1583 2178 1688 2257; x_wconf 89' lang='lat' dir='ltr'>qui</span> <span class='ocrx_word' id='word_1_154' title='bbox 1735 2177 2019 2239; x_wconf 83' lang='lat' dir='ltr'>Germani</span> <span class='ocrx_word' id='word_1_155' title='bbox 2061 2185 2258 2237; x_wconf 81' lang='lat' dir='ltr'>essent</span> <span class='ocrx_word' id='word_1_156' title='bbox 2302 2175 2387 2237; x_wconf 75' lang='lat' dir='ltr'>cis</span> <span class='ocrx_word' id='word_1_157' title='bbox 2433 2175 2710 2237; x_wconf 84' lang='lat' dir='ltr'>Rhenum</span> 
     </span>
     <span class='ocr_line' id='line_1_20' title="bbox 501 2271 2715 2354; baseline 0.002 -24"><span class='ocrx_word' id='word_1_158' title='bbox 501 2271 887 2351; x_wconf 84' lang='lat' dir='ltr'>quadraginta</span> <span class='ocrx_word' id='word_1_159' title='bbox 917 2274 1090 2334; x_wconf 89' lang='lat' dir='ltr'>milia.</span> <span class='ocrx_word' id='word_1_160' title='bbox 1173 2274 1524 2354; x_wconf 78' lang='lat' dir='ltr'>Horamque</span> <span class='ocrx_word' id='word_1_161' title='bbox 1551 2276 1808 2335; x_wconf 87' lang='lat' dir='ltr'>omnium</span> <span class='ocrx_word' id='word_1_162' title='bbox 1838 2285 1899 2336; x_wconf 92' lang='lat' dir='ltr'>et</span> <span class='ocrx_word' id='word_1_163' title='bbox 1934 2275 2116 2337; x_wconf 84' lang='lat' dir='ltr'>totius</span> <span class='ocrx_word' id='word_1_164' title='bbox 2151 2275 2292 2335; x_wconf 88' lang='lat' dir='ltr'>belli</span> <span class='ocrx_word' id='word_1_165' title='bbox 2326 2274 2540 2336; x_wconf 88' lang='lat' dir='ltr'>ducem</span> <span class='ocrx_word' id='word_1_166' title='bbox 2570 2293 2715 2335; x_wconf 89' lang='lat' dir='ltr'>con-</span> 
     </span>
     <span class='ocr_line' id='line_1_21' title="bbox 498 2370 2708 2455; baseline 0 -25"><span class='ocrx_word' id='word_1_167' title='bbox 498 2373 674 2430; x_wconf 70' lang='lat' dir='ltr'>sensu</span> <span class='ocrx_word' id='word_1_168' title='bbox 698 2370 948 2449; x_wconf 87' lang='lat' dir='ltr'>publico</span> <span class='ocrx_word' id='word_1_169' title='bbox 977 2370 1294 2434; x_wconf 88' lang='lat' dir='ltr'>delectum.</span> <span class='ocrx_word' id='word_1_170' title='bbox 1375 2372 1703 2434; x_wconf 70' lang='lat' dir='ltr'>⁴⁹Galbum</span> <span class='ocrx_word' id='word_1_171' title='bbox 1754 2373 2071 2455; x_wconf 78' lang='lat' dir='ltr'>quendam,</span> <span class='ocrx_word' id='word_1_172' title='bbox 2120 2373 2255 2454; x_wconf 74' lang='lat'>[44]</span> <span class='ocrx_word' id='word_1_173' title='bbox 2283 2372 2708 2433; x_wconf 80' lang='lat' dir='ltr'>⁵⁰Suessionem</span> 
     </span>
     <span class='ocr_line' id='line_1_22' title="bbox 496 2468 2713 2551; baseline 0.002 -24"><span class='ocrx_word' id='word_1_174' title='bbox 496 2480 716 2546; x_wconf 83' lang='lat' dir='ltr'>regem,</span> <span class='ocrx_word' id='word_1_175' title='bbox 756 2468 1072 2547; x_wconf 86' lang='lat' dir='ltr'>prudentia</span> <span class='ocrx_word' id='word_1_176' title='bbox 1099 2470 1320 2532; x_wconf 90' lang='lat' dir='ltr'>clarum</span> <span class='ocrx_word' id='word_1_177' title='bbox 1348 2471 1538 2532; x_wconf 83' lang='lat' dir='ltr'>virum</span> <span class='ocrx_word' id='word_1_178' title='bbox 1566 2491 1638 2532; x_wconf 89' lang='lat' dir='ltr'>ac</span> <span class='ocrx_word' id='word_1_179' title='bbox 1674 2472 1931 2551; x_wconf 85' lang='lat' dir='ltr'>justitia.</span> <span class='ocrx_word' id='word_1_180' title='bbox 2012 2472 2121 2531; x_wconf 89' lang='lat' dir='ltr'>His</span> <span class='ocrx_word' id='word_1_181' title='bbox 2159 2469 2476 2550; x_wconf 79' lang='lat' dir='ltr'>compertis</span> <span class='ocrx_word' id='word_1_182' title='bbox 2513 2470 2713 2531; x_wconf 64' lang='lat' dir='ltr'>cmm</span> 
     </span>
     <span class='ocr_line' id='line_1_23' title="bbox 498 2563 2713 2648; baseline 0.002 -24"><span class='ocrx_word' id='word_1_183' title='bbox 498 2563 759 2626; x_wconf 86' lang='lat' dir='ltr'>Rhemos</span> <span class='ocrx_word' id='word_1_184' title='bbox 810 2565 1138 2628; x_wconf 83' lang='lat' dir='ltr'>honorifica</span> <span class='ocrx_word' id='word_1_185' title='bbox 1192 2567 1457 2628; x_wconf 87' lang='lat' dir='ltr'>oratione</span> <span class='ocrx_word' id='word_1_186' title='bbox 1511 2570 1881 2648; x_wconf 79' lang='lat' dir='ltr'>complexus,</span> <span class='ocrx_word' id='word_1_187' title='bbox 1938 2576 2203 2629; x_wconf 88' lang='lat' dir='ltr'>senatum</span> <span class='ocrx_word' id='word_1_188' title='bbox 2259 2586 2462 2629; x_wconf 85' lang='lat' dir='ltr'>eorum</span> <span class='ocrx_word' id='word_1_189' title='bbox 2515 2565 2593 2627; x_wconf 84' lang='lat' dir='ltr'>ad</span> <span class='ocrx_word' id='word_1_190' title='bbox 2649 2586 2713 2628; x_wconf 86' lang='lat' dir='ltr'>se</span> 
     </span>
     <span class='ocr_line' id='line_1_24' title="bbox 500 2662 2711 2744; baseline 0.001 -23"><span class='ocrx_word' id='word_1_191' title='bbox 500 2662 700 2723; x_wconf 80' lang='lat' dir='ltr'>venire</span> <span class='ocrx_word' id='word_1_192' title='bbox 747 2663 1020 2743; x_wconf 85' lang='lat' dir='ltr'>imperat,</span> <span class='ocrx_word' id='word_1_193' title='bbox 1067 2673 1129 2724; x_wconf 87' lang='lat' dir='ltr'>et</span> <span class='ocrx_word' id='word_1_194' title='bbox 1172 2665 1507 2744; x_wconf 79' lang='lat' dir='ltr'>principum</span> <span class='ocrx_word' id='word_1_195' title='bbox 1555 2663 1710 2726; x_wconf 86' lang='lat' dir='ltr'>filios</span> <span class='ocrx_word' id='word_1_196' title='bbox 1758 2663 1998 2725; x_wconf 88' lang='lat' dir='ltr'>obsides</span> <span class='ocrx_word' id='word_1_197' title='bbox 2047 2663 2385 2724; x_wconf 83' lang='lat' dir='ltr'>adducere:</span> <span class='ocrx_word' id='word_1_198' title='bbox 2448 2682 2584 2742; x_wconf 75' lang='lat' dir='ltr'>quae</span> <span class='ocrx_word' id='word_1_199' title='bbox 2632 2662 2711 2724; x_wconf 87' lang='lat' dir='ltr'>ad</span> 
     </span>
     <span class='ocr_line' id='line_1_25' title="bbox 500 2759 2710 2841; baseline 0.001 -23"><span class='ocrx_word' id='word_1_200' title='bbox 500 2759 854 2821; x_wconf 77' lang='lat' dir='ltr'>destinatum</span> <span class='ocrx_word' id='word_1_201' title='bbox 886 2761 1044 2821; x_wconf 89' lang='lat' dir='ltr'>diem</span> <span class='ocrx_word' id='word_1_202' title='bbox 1085 2760 1563 2822; x_wconf 86' lang='lat' dir='ltr'>obedientissime</span> <span class='ocrx_word' id='word_1_203' title='bbox 1604 2761 1928 2841; x_wconf 89' lang='lat' dir='ltr'>adimpleta</span> <span class='ocrx_word' id='word_1_204' title='bbox 1969 2768 2127 2821; x_wconf 87' lang='lat' dir='ltr'>sunt.</span> <span class='ocrx_word' id='word_1_205' title='bbox 2211 2759 2475 2821; x_wconf 87' lang='lat' dir='ltr'>Numero</span> <span class='ocrx_word' id='word_1_206' title='bbox 2513 2770 2710 2820; x_wconf 87' lang='lat' dir='ltr'>autem</span> 
     </span>
     <span class='ocr_line' id='line_1_26' title="bbox 501 2854 2715 2937; baseline 0.001 -21"><span class='ocrx_word' id='word_1_207' title='bbox 501 2862 718 2928; x_wconf 74' lang='lat' dir='ltr'>motus,</span> <span class='ocrx_word' id='word_1_208' title='bbox 762 2856 1121 2918; x_wconf 77' lang='lat' dir='ltr'>Divitiacum</span> <span class='ocrx_word' id='word_1_209' title='bbox 1150 2858 1429 2919; x_wconf 85' lang='lat' dir='ltr'>Heduum</span> <span class='ocrx_word' id='word_1_210' title='bbox 1475 2858 1762 2919; x_wconf 86' lang='lat' dir='ltr'>curiosius</span> <span class='ocrx_word' id='word_1_211' title='bbox 1799 2857 2095 2931; x_wconf 89' lang='lat' dir='ltr'>admonet,</span> <span class='ocrx_word' id='word_1_212' title='bbox 2142 2854 2429 2937; x_wconf 82' lang='lat' dir='ltr'>quantum</span> <span class='ocrx_word' id='word_1_213' title='bbox 2476 2857 2715 2935; x_wconf 86' lang='lat' dir='ltr'>reipub·</span> 
     </span>
     <span class='ocr_line' id='line_1_27' title="bbox 500 2952 2715 3036; baseline 0.002 -23"><span class='ocrx_word' id='word_1_214' title='bbox 500 2952 635 3013; x_wconf 79' lang='lat' dir='ltr'>licae</span> <span class='ocrx_word' id='word_1_215' title='bbox 668 2953 957 3035; x_wconf 81' lang='lat' dir='ltr'>salutique</span> <span class='ocrx_word' id='word_1_216' title='bbox 995 2955 1257 3016; x_wconf 89' lang='lat' dir='ltr'>omnium</span> <span class='ocrx_word' id='word_1_217' title='bbox 1299 2954 1599 3036; x_wconf 88' lang='lat' dir='ltr'>expediat,</span> <span class='ocrx_word' id='word_1_218' title='bbox 1642 2957 1796 3017; x_wconf 86' lang='lat' dir='ltr'>vires</span> <span class='ocrx_word' id='word_1_219' title='bbox 1833 2956 2087 3016; x_wconf 89' lang='lat' dir='ltr'>hostium</span> <span class='ocrx_word' id='word_1_220' title='bbox 2125 2955 2388 3026; x_wconf 85' lang='lat' dir='ltr'>distrahi,</span> <span class='ocrx_word' id='word_1_221' title='bbox 2431 2974 2506 3015; x_wconf 87' lang='lat' dir='ltr'>ne</span> <span class='ocrx_word' id='word_1_222' title='bbox 2548 2963 2715 3017; x_wconf 89' lang='lat' dir='ltr'>tanta</span> 
     </span>
     <span class='ocr_line' id='line_1_28' title="bbox 499 3049 2714 3116; baseline 0.001 -5"><span class='ocrx_word' id='word_1_223' title='bbox 499 3049 668 3111; x_wconf 85' lang='lat' dir='ltr'>simul</span> <span class='ocrx_word' id='word_1_224' title='bbox 696 3071 831 3111; x_wconf 88' lang='lat' dir='ltr'>cum</span> <span class='ocrx_word' id='word_1_225' title='bbox 862 3051 1237 3113; x_wconf 88' lang='lat' dir='ltr'>multitudine</span> <span class='ocrx_word' id='word_1_226' title='bbox 1264 3052 1691 3116; x_wconf 87' lang='lat' dir='ltr'>decertandum</span> <span class='ocrx_word' id='word_1_227' title='bbox 1718 3062 1896 3115; x_wconf 89' lang='lat' dir='ltr'>esset.</span> <span class='ocrx_word' id='word_1_228' title='bbox 1975 3051 2047 3114; x_wconf 89' lang='lat' dir='ltr'>ld</span> <span class='ocrx_word' id='word_1_229' title='bbox 2089 3062 2289 3114; x_wconf 89' lang='lat' dir='ltr'>autem</span> <span class='ocrx_word' id='word_1_230' title='bbox 2328 3051 2491 3114; x_wconf 87' lang='lat' dir='ltr'>nullo</span> <span class='ocrx_word' id='word_1_231' title='bbox 2533 3051 2714 3114; x_wconf 90' lang='lat' dir='ltr'>modo</span> 
     </span>
     <span class='ocr_line' id='line_1_29' title="bbox 499 3146 2713 3231; baseline -0 -22"><span class='ocrx_word' id='word_1_232' title='bbox 499 3147 705 3209; x_wconf 88' lang='lat' dir='ltr'>melius</span> <span class='ocrx_word' id='word_1_233' title='bbox 750 3147 879 3210; x_wconf 85' lang='lat' dir='ltr'>fieri</span> <span class='ocrx_word' id='word_1_234' title='bbox 923 3169 1119 3231; x_wconf 86' lang='lat' dir='ltr'>posse,</span> <span class='ocrx_word' id='word_1_235' title='bbox 1169 3170 1350 3231; x_wconf 88' lang='lat' dir='ltr'>quam</span> <span class='ocrx_word' id='word_1_236' title='bbox 1389 3151 1441 3211; x_wconf 90' lang='lat' dir='ltr'>si</span> <span class='ocrx_word' id='word_1_237' title='bbox 1488 3151 1688 3213; x_wconf 86' lang='lat' dir='ltr'>Hedui</span> <span class='ocrx_word' id='word_1_238' title='bbox 1716 3170 1944 3213; x_wconf 87' lang='lat' dir='ltr'>summa</span> <span class='ocrx_word' id='word_1_239' title='bbox 1973 3151 2029 3211; x_wconf 83' lang='lat' dir='ltr'>vi</span> <span class='ocrx_word' id='word_1_240' title='bbox 2076 3151 2526 3211; x_wconf 83' lang='lat' dir='ltr'>Bellovacorum</span> <span class='ocrx_word' id='word_1_241' title='bbox 2564 3146 2713 3211; x_wconf 84' lang='lat' dir='ltr'>fines</span> 
     </span>
     <span class='ocr_line' id='line_1_30' title="bbox 499 3244 2715 3330; baseline 0 -25"><span class='ocrx_word' id='word_1_242' title='bbox 499 3244 829 3326; x_wconf 77' lang='lat' dir='ltr'>irrumpant</span> <span class='ocrx_word' id='word_1_243' title='bbox 873 3256 1055 3327; x_wconf 88' lang='lat' dir='ltr'>atque</span> <span class='ocrx_word' id='word_1_244' title='bbox 1103 3248 1294 3309; x_wconf 91' lang='lat' dir='ltr'>omnia</span> <span class='ocrx_word' id='word_1_245' title='bbox 1338 3250 1719 3330; x_wconf 86' lang='lat' dir='ltr'>populentur.</span> <span class='ocrx_word' id='word_1_246' title='bbox 1817 3249 1916 3311; x_wconf 86' lang='lat' dir='ltr'>Sic</span> <span class='ocrx_word' id='word_1_247' title='bbox 1964 3249 2317 3309; x_wconf 84' lang='lat' dir='ltr'>instructum</span> <span class='ocrx_word' id='word_1_248' title='bbox 2363 3253 2715 3327; x_wconf 87' lang='lat' dir='ltr'>oratumque</span> 
     </span>
     <span class='ocr_line' id='line_1_31' title="bbox 500 3336 2715 3427; baseline 0.001 -25"><span class='ocrx_word' id='word_1_249' title='bbox 500 3342 668 3403; x_wconf 79' lang='lat' dir='ltr'>illum</span> <span class='ocrx_word' id='word_1_250' title='bbox 704 3343 764 3403; x_wconf 91' lang='lat' dir='ltr'>in</span> <span class='ocrx_word' id='word_1_251' title='bbox 808 3344 1061 3425; x_wconf 89' lang='lat' dir='ltr'>patriam</span> <span class='ocrx_word' id='word_1_252' title='bbox 1108 3365 1271 3406; x_wconf 87' lang='lat' dir='ltr'>suam</span> <span class='ocrx_word' id='word_1_253' title='bbox 1317 3347 1521 3409; x_wconf 90' lang='lat' dir='ltr'>mittit.</span> <span class='ocrx_word' id='word_1_254' title='bbox 1601 3336 1899 3411; x_wconf 70' lang='lat' dir='ltr'>Caeterum</span> <span class='ocrx_word' id='word_1_255' title='bbox 1944 3347 2210 3427; x_wconf 82' lang='lat' dir='ltr'>digresso</span> <span class='ocrx_word' id='word_1_256' title='bbox 2254 3345 2356 3406; x_wconf 90' lang='lat' dir='ltr'>illo</span> <span class='ocrx_word' id='word_1_257' title='bbox 2401 3344 2715 3425; x_wconf 83' lang='lat' dir='ltr'>Belgarum</span> 
     </span>
     <span class='ocr_line' id='line_1_32' title="bbox 501 3440 2716 3525; baseline 0 -24"><span class='ocrx_word' id='word_1_258' title='bbox 501 3440 702 3520; x_wconf 89' lang='lat' dir='ltr'>copias</span> <span class='ocrx_word' id='word_1_259' title='bbox 731 3452 1069 3503; x_wconf 88' lang='lat' dir='ltr'>contractas</span> <span class='ocrx_word' id='word_1_260' title='bbox 1097 3444 1596 3525; x_wconf 85' lang='lat' dir='ltr'>appropinquare,</span> <span class='ocrx_word' id='word_1_261' title='bbox 1633 3454 1695 3507; x_wconf 90' lang='lat' dir='ltr'>et</span> <span class='ocrx_word' id='word_1_262' title='bbox 1731 3466 1767 3507; x_wconf 88' lang='lat' dir='ltr'>a</span> <span class='ocrx_word' id='word_1_263' title='bbox 1802 3445 2067 3521; x_wconf 83' lang='lat' dir='ltr'>Rhemis,</span> <span class='ocrx_word' id='word_1_264' title='bbox 2106 3453 2168 3504; x_wconf 87' lang='lat' dir='ltr'>et</span> <span class='ocrx_word' id='word_1_265' title='bbox 2212 3463 2250 3504; x_wconf 88' lang='lat' dir='ltr'>a</span> <span class='ocrx_word' id='word_1_266' title='bbox 2286 3442 2406 3504; x_wconf 89' lang='lat' dir='ltr'>suis</span> <span class='ocrx_word' id='word_1_267' title='bbox 2441 3442 2716 3522; x_wconf 85' lang='lat' dir='ltr'>explora·</span> 
     </span>
     <span class='ocr_line' id='line_1_33' title="bbox 501 3537 2715 3624; baseline 0 -25"><span class='ocrx_word' id='word_1_268' title='bbox 501 3537 730 3611; x_wconf 79' lang='lat' dir='ltr'>toribus</span> <span class='ocrx_word' id='word_1_269' title='bbox 761 3539 1069 3602; x_wconf 80' lang='lat' dir='ltr'>intellexit.</span> <span class='ocrx_word' id='word_1_270' title='bbox 1151 3541 1299 3603; x_wconf 88' lang='lat' dir='ltr'>Ilico</span> <span class='ocrx_word' id='word_1_271' title='bbox 1326 3542 1503 3624; x_wconf 75' lang='lat' dir='ltr'>igitur</span> <span class='ocrx_word' id='word_1_272' title='bbox 1530 3544 1894 3605; x_wconf 82' lang='lat' dir='ltr'>⁵¹Maronem</span> <span class='ocrx_word' id='word_1_273' title='bbox 1934 3562 2166 3604; x_wconf 89' lang='lat' dir='ltr'>amnem</span> <span class='ocrx_word' id='word_1_274' title='bbox 2203 3561 2313 3622; x_wconf 90' lang='lat' dir='ltr'>per</span> <span class='ocrx_word' id='word_1_275' title='bbox 2351 3540 2715 3605; x_wconf 87' lang='lat' dir='ltr'>Rhemorum</span> 
     </span>
     <span class='ocr_line' id='line_1_34' title="bbox 504 3634 2717 3720; baseline 0.001 -24"><span class='ocrx_word' id='word_1_276' title='bbox 504 3634 651 3696; x_wconf 81' lang='lat' dir='ltr'>fines</span> <span class='ocrx_word' id='word_1_277' title='bbox 706 3638 942 3699; x_wconf 86' lang='lat' dir='ltr'>ultimos</span> <span class='ocrx_word' id='word_1_278' title='bbox 996 3638 1402 3702; x_wconf 86' lang='lat' dir='ltr'>decurrentem</span> <span class='ocrx_word' id='word_1_279' title='bbox 1457 3641 1686 3704; x_wconf 85' lang='lat' dir='ltr'>transit.</span> <span class='ocrx_word' id='word_1_280' title='bbox 1765 3640 2062 3720; x_wconf 80' lang='lat' dir='ltr'>⁵²Ubique</span> <span class='ocrx_word' id='word_1_281' title='bbox 2116 3648 2248 3719; x_wconf 83' lang='lat' dir='ltr'>tuto</span> <span class='ocrx_word' id='word_1_282' title='bbox 2299 3646 2363 3699; x_wconf 91' lang='lat' dir='ltr'>et</span> <span class='ocrx_word' id='word_1_283' title='bbox 2415 3648 2717 3717; x_wconf 87' lang='lat' dir='ltr'>oportuno</span> 
     </span>
     <span class='ocr_line' id='line_1_35' title="bbox 503 3730 2713 3811; baseline 0.002 -20"><span class='ocrx_word' id='word_1_284' title='bbox 503 3730 644 3793; x_wconf 91' lang='lat' dir='ltr'>loco</span> <span class='ocrx_word' id='word_1_285' title='bbox 686 3743 880 3794; x_wconf 86' lang='lat' dir='ltr'>castra</span> <span class='ocrx_word' id='word_1_286' title='bbox 926 3737 1268 3811; x_wconf 86' lang='lat' dir='ltr'>communit,</span> <span class='ocrx_word' id='word_1_287' title='bbox 1314 3737 1556 3800; x_wconf 88' lang='lat' dir='ltr'>flumine</span> <span class='ocrx_word' id='word_1_288' title='bbox 1598 3758 1780 3800; x_wconf 91' lang='lat' dir='ltr'>unum</span> <span class='ocrx_word' id='word_1_289' title='bbox 1825 3747 2147 3798; x_wconf 85' lang='lat' dir='ltr'>castrorum</span> <span class='ocrx_word' id='word_1_290' title='bbox 2195 3736 2350 3797; x_wconf 89' lang='lat' dir='ltr'>latus</span> <span class='ocrx_word' id='word_1_291' title='bbox 2397 3735 2713 3805; x_wconf 84' lang='lat' dir='ltr'>ambiente,</span> 
     </span>
     <span class='ocr_line' id='line_1_36' title="bbox 501 3830 2717 3910; baseline 0 -19"><span class='ocrx_word' id='word_1_292' title='bbox 501 3830 815 3910; x_wconf 75' lang='lat' dir='ltr'>tutumque</span> <span class='ocrx_word' id='word_1_293' title='bbox 842 3830 953 3892; x_wconf 85' lang='lat' dir='ltr'>iter</span> <span class='ocrx_word' id='word_1_294' title='bbox 977 3841 1040 3894; x_wconf 85' lang='lat' dir='ltr'>et</span> <span class='ocrx_word' id='word_1_295' title='bbox 1064 3832 1429 3896; x_wconf 86' lang='lat' dir='ltr'>Rhemorum</span> <span class='ocrx_word' id='word_1_296' title='bbox 1454 3846 1518 3897; x_wconf 92' lang='lat' dir='ltr'>et</span> <span class='ocrx_word' id='word_1_297' title='bbox 1561 3835 1796 3897; x_wconf 86' lang='lat' dir='ltr'>urbium</span> <span class='ocrx_word' id='word_1_298' title='bbox 1824 3834 2071 3895; x_wconf 88' lang='lat' dir='ltr'>aliarum</span> <span class='ocrx_word' id='word_1_299' title='bbox 2116 3833 2377 3895; x_wconf 83' lang='lat' dir='ltr'>venturis</span> <span class='ocrx_word' id='word_1_300' title='bbox 2419 3852 2717 3894; x_wconf 87' lang='lat' dir='ltr'>commea·</span> 
     </span>
     <span class='ocr_line' id='line_1_37' title="bbox 503 3927 2716 4013; baseline -0.001 -23"><span class='ocrx_word' id='word_1_301' title='bbox 503 3927 665 3990; x_wconf 80' lang='lat' dir='ltr'>tibus</span> <span class='ocrx_word' id='word_1_302' title='bbox 691 3928 1026 3990; x_wconf 82' lang='lat' dir='ltr'>adhibente.</span> <span class='ocrx_word' id='word_1_303' title='bbox 1108 3930 1326 3993; x_wconf 85' lang='lat' dir='ltr'>Castris</span> <span class='ocrx_word' id='word_1_304' title='bbox 1366 3933 1527 3993; x_wconf 90' lang='lat' dir='ltr'>omni</span> <span class='ocrx_word' id='word_1_305' title='bbox 1572 3929 1965 3994; x_wconf 85' lang='lat' dir='ltr'>sollicitudine</span> <span class='ocrx_word' id='word_1_306' title='bbox 2006 3930 2404 4013; x_wconf 75' lang='lat' dir='ltr'>”ingenieque</span> <span class='ocrx_word' id='word_1_307' title='bbox 2447 3927 2716 4001; x_wconf 83' lang='lat' dir='ltr'>firmatis,</span> 
     </span>
    </p>
   </div>
   <div class='ocr_carea' id='block_1_3' title="bbox 502 4088 2717 4327">
    <p class='ocr_par' dir='ltr' id='par_1_3' title="bbox 502 4088 2717 4327">
     <span class='ocr_line' id='line_1_38' title="bbox 570 4088 2713 4161; baseline 0 -21"><span class='ocrx_word' id='word_1_308' title='bbox 570 4094 636 4141; x_wconf 74' lang='grc'>46</span> <span class='ocrx_word' id='word_1_309' title='bbox 675 4088 853 4155; x_wconf 78' lang='lat' dir='ltr'>Forte,</span> <span class='ocrx_word' id='word_1_310' title='bbox 874 4091 1233 4145; x_wconf 57' lang='lat' dir='ltr'>arceium—46</span> <span class='ocrx_word' id='word_1_311' title='bbox 1264 4094 1442 4158; x_wconf 77' lang='lat' dir='ltr'>Forte,</span> <span class='ocrx_word' id='word_1_312' title='bbox 1479 4094 1896 4146; x_wconf 63' lang='lat' dir='ltr'>Batauam—⁴⁷</span> <span class='ocrx_word' id='word_1_313' title='bbox 1929 4094 2090 4161; x_wconf 78' lang='lat' dir='ltr'>Lege,</span> <span class='ocrx_word' id='word_1_314' title='bbox 2120 4093 2519 4144; x_wconf 61' lang='lat' dir='ltr'>incolentem-48</span> <span class='ocrx_word' id='word_1_315' title='bbox 2555 4091 2713 4155; x_wconf 64' lang='lat' dir='ltr'>Lege,</span> 
     </span>
     <span class='ocr_line' id='line_1_39' title="bbox 505 4172 2717 4247; baseline 0.007 -25"><span class='ocrx_word' id='word_1_316' title='bbox 505 4173 843 4227; x_wconf 51' lang='lat' dir='ltr'>Gelam-³⁴⁹</span> <span class='ocrx_word' id='word_1_317' title='bbox 862 4174 1027 4229; x_wconf 64' lang='lat' dir='ltr'>ouh</span> <span class='ocrx_word' id='word_1_318' title='bbox 1042 4174 1241 4229; x_wconf 57' lang='lat' dir='ltr'>dimtar</span> <span class='ocrx_word' id='word_1_319' title='bbox 1256 4177 1600 4233; x_wconf 60' lang='lat' dir='ltr'>cesath—6⁰</span> <span class='ocrx_word' id='word_1_320' title='bbox 1619 4176 1926 4247; x_wconf 56' lang='lat' dir='ltr'>&amp;mac-qn</span> <span class='ocrx_word' id='word_1_321' title='bbox 1943 4177 2019 4229; x_wconf 77' lang='lat' dir='ltr'>sic</span> <span class='ocrx_word' id='word_1_322' title='bbox 2035 4176 2531 4233; x_wconf 59' lang='lat' dir='ltr'>wentenum—51</span> <span class='ocrx_word' id='word_1_323' title='bbox 2557 4172 2717 4236; x_wconf 66' lang='lat' dir='ltr'>Lete»</span> 
     </span>
     <span class='ocr_line' id='line_1_40' title="bbox 502 4253 1912 4327; baseline 0.006 -24"><span class='ocrx_word' id='word_1_324' title='bbox 502 4253 871 4307; x_wconf 58' lang='grc' dir='ltr'>,ἱππεῦσι-68</span> <span class='ocrx_word' id='word_1_325' title='bbox 905 4256 1081 4324; x_wconf 74' lang='lat' dir='ltr'>Forte,</span> <span class='ocrx_word' id='word_1_326' title='bbox 1097 4257 1400 4323; x_wconf 63' lang='lat' dir='ltr'>ibiquae-63</span> <span class='ocrx_word' id='word_1_327' title='bbox 1434 4253 1594 4327; x_wconf 62' lang='lat' dir='ltr'>Rege,</span> <span class='ocrx_word' id='word_1_328' title='bbox 1614 4259 1912 4325; x_wconf 61' lang='lat' dir='ltr'>age-ioque.</span> 
     </span>
    </p>
   </div>
  </div>
 </body>
</html>
