3017 4925
902 399 1003 454 nu
1047 398 1229 452 vrrs
1272 396 1479 450 mm
1528 394 1883 451 cassam.
2322 383 2498 454 lm

296 551 507 618 ficeret
527 570 711 632 posse
729 549 1050 613 amicitiam
1064 550 1213 610 inter
1226 568 1362 610 eum
1382 550 1806 630 Romanosque
1824 550 2186 616 consistere.
2209 553 2498 634 Alioquin

296 651 566 762 quoniam
594 651 681 710 ita
708 650 962 710 Senatus
990 648 1266 710 consulto
1292 658 1538 708 cautum
1559 658 1732 720 esset,
1757 669 1874 710 non
1917 671 1980 710 se
2005 669 2180 729 posse
2205 652 2499 714 sociorum

296 747 535 826 injurias
560 746 907 826 negligere?
951 745 1091 806 buic
1118 746 1391 824 legationi
1421 744 1500 804 nil
1526 745 1816 823 placatius
1853 749 2215 827 respondens
2241 750 2502 810 Ariovis-

300 854 476 919 tus,‘
495 865 824 926 numquam
851 866 916 906 se
944 842 1230 906 Romanis
1268 841 1645 923 imperitandi
1684 845 1870 922 legem
1911 847 2350 926 praescripsisse·
2391 848 2498 911 ait.

303 945 478 1005 ‘Non
503 963 649 1022 ergo
674 963 913 1022 aequum
942 962 1072 1003 esse
1115 941 1227 1002 sibi
1266 942 1423 1021 leges
1464 960 1501 1002 a
1546 943 1824 1002 Romanis
1870 944 2080 1004 statuit
2125 954 2187 1005 et
2211 963 2322 1006 suo
2358 944 2500 1023 jure

296 1060 526 1120 ,suoque
560 1041 699 1101 illos
725 1041 973 1102 arbitrio
999 1040 1137 1103 belli
1163 1049 1335 1119 parta
1360 1040 1682 1101 moderari:
1723 1049 1786 1103 et
1809 1040 1937 1120 ipse
1963 1061 2066 1103 cur
2090 1061 2208 1102 non
2235 1061 2345 1102 suo
2361 1043 2501 1122 jure

303 1137 389 1199 nti
412 1137 602 1218 possit
628 1137 685 1198 in
714 1139 940 1200 victos}
979 1138 1123 1199 Jura
1150 1139 1281 1198 liaec
1304 1158 1437 1199 esse
1466 1138 1756 1200 bellorum
1801 1157 1977 1218 aeqna
2004 1140 2274 1218 gentibus
2317 1140 2503 1201 omni·

303 1233 433 1297 bus.
520 1235 684 1307 Quid
727 1235 805 1295 ad
852 1235 1093 1314 injur'ns
1120 1246 1371 1317 spectet,
1400 1256 1515 1297 non
1564 1256 1626 1297 se
1673 1236 1895 1298 bellum
1924 1237 2109 1298 Ednis
2136 1239 2259 1298 sine
2303 1256 2505 1313 causa,

305 1331 417 1393 boc
446 1340 540 1393 est
582 1331 633 1391 si
677 1331 925 1412 imperio
952 1341 1211 1411 pareant,
1239 1333 1559 1406 illaturum,
1589 1332 1826 1393 obsides
1848 1334 2216 1396 ⁵”miser-rime
2241 1333 2508 1396 redditu·

300 1448 449 1490 rum.
537 1430 637 1490 Sin
686 1428 996 1508 imperium
1045 1429 1373 1490 detrectent
1412 1449 1474 1490 re
1521 1429 1651 1508 ipsa
1694 1430 2064 1507 probaturos,
2107 1430 2252 1509 quid
2280 1430 2358 1491 de
2381 1439 2505 1492 tam

302 1525 625 1605 longinquo
664 1526 722 1586 in
751 1526 863 1586 illis
891 1526 1077 1605 prosit
1106 1528 1371 1587 Romana
1396 1525 1727 1587 fraternitas
1745 1526 1791 1585 ³·
1871 1527 2178 1587 Postremo
2219 1534 2239 1562 ‘
2257 1527 2507 1588 commi·

304 1623 543 1683 natione
592 1625 861 1684 Caesarea
903 1623 1051 1684 nihil
1097 1642 1160 1684 se
1206 1622 1466 1683 moveri:
1503 1623 1723 1682 nullam
1767 1630 1996 1702 gentem
2044 1622 2121 1683 ad
2167 1643 2306 1684 enm
2344 1622 2507 1686 diem

308 1738 509 1780 seeum
560 1720 688 1780 sine
735 1740 843 1780 suo
883 1719 1224 1782 discrimine
1270 1719 1670 1782 concurrisse:
1707 1718 2007 1781 facturum
2057 1739 2118 1780 se
2163 1719 2384 1781 Caesari
2431 1739 2506 1782 ac

304 1815 586 1878 Romanis
607 1816 877 1896 quotiens
899 1817 1118 1878 vellent
1146 1836 1359 1897 pugnae
1385 1816 1639 1896 copiam,
1658 1824 2045 1888 ostensurum,
2066 1816 2211 1897 quid
2237 1816 2510 1878 indomiti

313 1913 595 1973 Germani
623 1913 774 1974 inter
794 1933 953 1974 arma
980 1914 1162 1993 geniti
1187 1923 1251 1974 et
1275 1912 1499 1984 nutriti,
1528 1914 1692 1974 humi
1716 1914 1792 1973 ad
1822 1913 2065 1974 imbrem
2105 1923 2169 1975 et
2205 1913 2284 1974 ad
2324 1915 2508 1975 solem

304 2009 506 2091 jacere
534 2011 715 2080 soliti,
765 2010 867 2091 qui
906 2012 1033 2089 jam
1082 2011 1285 2072 multis
1329 2010 1496 2071 annis
1535 2011 1648 2072 snb
1690 2019 1853 2071 tecto
1894 2029 2011 2070 non
2037 2010 2274 2084 fuerint,
2303 2020 2513 2073 contra

314 2126 545 2167 omnem
574 2116 806 2188 gentem
843 2109 996 2169 bello
1024 2109 1294 2169 valeant.'
1377 2108 1486 2169 His
1531 2108 1818 2178 intentum
1865 2108 2161 2168 Caesarem
2207 2107 2510 2170 Eduornm

312 2212 372 2264 et
395 2205 780 2266 Trevirorum
810 2225 928 2266 uno
954 2215 1215 2284 tempore
1242 2206 1558 2284 legationes
1583 2203 1964 2264 advenerunt.
2018 2203 2176 2264 Edui
2201 2202 2348 2266 fines
2375 2223 2512 2268 suos

313 2301 526 2360 vastari
583 2301 750 2361 novis
802 2301 1035 2381 populis
1082 2322 1117 2362 e
1172 2299 1491 2362 Germania
1542 2319 1739 2379 nuper
1791 2301 1850 2360 in
1904 2300 2125 2361 Gallias
2170 2301 2512 2362 transvectis

315 2399 731 2478 querebantur.
809 2398 1035 2460 Treviri
1073 2396 1362 2459 infinitam
1390 2396 1822 2458 multitudinem
1847 2398 2168 2458 Suevorurn
2206 2397 2280 2457 ad
2321 2397 2517 2459 Rheni

312 2496 470 2577 ripas
497 2496 754 2556 duorum
780 2496 1023 2557 fratrum
1051 2494 1294 2574 imperio
1334 2494 1669 2573 pervenisse
1696 2494 2051 2555 nuntiabant
2086 2494 2515 2576 transitumque

315 2593 526 2653 moliri.
566 2593 701 2674 [33]
750 2593 858 2654 His
914 2593 1246 2655 rumoribus
1301 2593 1503 2653 Caesar
1553 2600 1935 2670 experrectus
1987 2611 2063 2651 ne
2115 2591 2516 2671 conjungendi

317 2690 519 2770 copias
547 2691 716 2751 daret
741 2691 1010 2751 hostibus
1037 2690 1316 2771 spatium,
1358 2687 1794 2769 expeditissime
1821 2687 2118 2766 dispositis
2144 2707 2282 2767 quoe
2309 2687 2368 2748 in
2393 2707 2516 2751 rem

318 2798 500 2862 erant,
528 2787 829 2849 festinanti
855 2789 1084 2868 agmine
1108 2789 1167 2848 in
1198 2787 1555 2849 Ariovistum
1585 2784 2008 2864 proficiscitur:
2040 2783 2174 2861 jam
2207 2784 2382 2846 tridui
2407 2785 2520 2847 iter

322 2895 596 2965 exegerat
644 2886 867 2947 ¹00dum
912 2906 1210 2967 egressum
1259 2885 1420 2946 illum
1473 2883 1689 2945 finibus
1734 2882 1808 2944 ad
1864 2882 2060 2943 nobile
2112 2882 2519 2962 Sequanorum

322 2981 567 3061 opidum
592 2984 1022 3046 vesuncionem
1069 2981 1483 3062 occupandum
1530 2979 1750 3061 ingenti
1776 2997 1914 3042 cum
1932 2978 2189 3039 exercitu
2209 2997 2520 3059 properare

326 3080 635 3159 comperit.
717 3082 892 3152 Quod
923 3101 1153 3157 summo
1179 3080 1294 3141 sibi
1338 3079 1535 3141 studio
1571 3076 1999 3158 prohibendum
2024 3084 2184 3137 ratus
2209 3084 2355 3152 erat,
2380 3096 2522 3138 cum

327 3174 483 3237 loeus
510 3184 575 3237 et
599 3175 851 3236 fluminis
874 3178 1120 3249 ambitu,
1164 3187 1226 3237 et
1268 3177 1373 3238 ubi
1399 3175 1618 3236 flumen
1661 3194 1794 3235 euru
1819 3172 2055 3244 deserit,
2085 3181 2362 3234 montana
2387 3191 2523 3235 arce

332 3271 747 3345 validissimns;
792 3274 1032 3355 insuper
1058 3284 1120 3336 et
1143 3293 1336 3335 rerum
1372 3273 1549 3354 copia
1573 3270 1742 3334 bellis
1766 3270 2135 3350 aptissimus:
2177 3268 2368 3330 flectit
2391 3270 2522 3344 iter,

332 3378 390 3432 et
412 3380 617 3432 noctes
645 3371 856 3432 diebus
882 3372 1248 3444 interserens,
1295 3370 1560 3433 maximis
1602 3368 1906 3431 itineribus
1931 3365 2361 3427 vesuncionem
2387 3374 2525 3428 ante

330 3467 480 3547 regis
506 3467 825 3530 adventum
850 3469 1134 3550 pervenit,
1193 3468 1436 3549 opidum
1486 3468 1867 3547 introgressus
1893 3461 2182 3543 praesidiis
2216 3462 2525 3541 oportunis

336 3561 542 3626 firmat.
628 3565 747 3624 Hic
774 3584 914 3625 vero
939 3566 1263 3649 exercitum
1291 3567 1620 3627 Romanum
1653 3558 2011 3622 incredibilis
2037 3577 2251 3631 rumor,
2279 3566 2527 3620 tremor-

338 3681 449 3742 que
478 3666 899 3740 ‘pet-suaserat,
909 3663 1132 3722 initium
1160 3663 1392 3723 trahens
1419 3680 1456 3722 a
1484 3659 1858 3740 quibusdam,
1881 3657 2003 3738 qui,
2023 3665 2095 3717 ut
2119 3655 2208 3728 fit,
2235 3658 2528 3718 Caesarem

338 3777 450 3818 non
476 3758 584 3818 nisi
609 3758 879 3820 amicitiae
914 3759 1055 3838 jure
1093 3744 1410 3839 prosecuti,
1440 3759 1716 3838 belloque
1742 3754 2053 3835 inexperti,
2080 3762 2259 3835 atque
2286 3752 2424 3815 ideo
2449 3753 2529 3815 ad

341 3855 537 3916 omnia
560 3855 946 3936 trepidantes,
993 3857 1208 3917 Gallos
1254 3855 1554 3937 praecipue
1598 3862 1948 3915 mercatores
1974 3850 2054 3912 de
2079 3860 2235 3911 statu
2274 3849 2530 3911 hostium

342 3950 567 4014 assidue
591 3953 988 4034 inquirebant:
1028 3952 1347 4030 auditaque
1373 3952 1526 4012 mole
1551 3968 1885 4030 corporum,
1929 3966 2003 4007 ac
2031 3946 2244 4009 virtute
2265 3955 2328 4005 et
2351 3962 2532 4022 expe-

347 4047 542 4109 rientia
592 4050 1045 4120 Germanorum,
1101 4049 1487 4128 quotiensque
1539 4066 1673 4108 cnm
1728 4045 1819 4106 his
1870 4043 2178 4106 Gallorum
2242 4041 2532 4101 exercitus

336 4146 789 4218 concurrissent,
844 4150 1227 4224 conspectum
1279 4163 1481 4205 eorum
1537 4143 1806 4203 tollerare
1857 4136 2208 4218 nequivisse,
2245 4137 2534 4215 ingentem

647 4296 716 4343 99
746 4291 905 4357 Puto,
923 4290 1299 4344 inimicam—1⁰⁰
1330 4291 1493 4357 Lege,
1509 4294 1728 4343 cum—1
1761 4287 2229 4354 Legeffenunnt.
