3017 4925
925 399 1022 448 ms
1069 398 1248 448 vrrs
1291 398 1494 449 mnu
1547 399 1896 452 cussare.
2066 446 2067 449 ,
2313 388 2489 461 lm

269 540 460 604 em
489 543 833 607 AEduomm
862 546 1001 608 fidei
1025 548 1269 608 credens
1295 547 1531 609 obsides
1556 568 1631 610 ex
1672 549 1835 612 omni
1881 551 2077 613 Gallia
2121 560 2184 613 et
2230 551 2488 616 frumen-

264 647 386 701 tm
409 650 474 701 et
499 645 835 721 pecuniam
880 645 1237 724 reipublicae,
1292 656 1355 707 et
1400 666 1507 706 sua
1546 655 1607 707 et
1632 647 1923 708 exercitus
1952 668 2162 727 magna
2204 670 2279 710 ex
2319 662 2487 730 parte

264 734 694 814 'mpedimenta
718 741 1087 820 deposuerat,
1113 763 1401 822 equorum
1429 765 1735 806 numerum
1762 746 2056 826 ingentem
2086 748 2141 807 in
2166 767 2304 808 usus
2326 747 2487 821 belli,

265 850 332 893 ex
359 834 540 895 ltalia
590 846 783 916 atque
829 838 1112 917 Hispania
1136 840 1563 902 deductorum:
1607 852 1910 922 comperto
1954 844 2114 923 quod
2166 844 2485 905 Litavictus

264 929 578 992 abAEduis
613 955 756 994 cum
789 937 1008 996 bonore
1036 947 1345 1015 susceptus
1372 948 1550 1008 esset,
1598 949 1661 999 et
1686 939 2124 1018 magistratuum
2151 960 2224 1000 ac
2253 951 2487 1002 senatus

265 1045 538 1101 occursu,
597 1032 887 1111 missique
914 1034 989 1094 de
1016 1033 1270 1094 amicitia
1314 1034 1553 1113 publice
1599 1034 1673 1094 ad
1706 1036 2235 1115 Vercingetorigem
2260 1036 2485 1125 iegati,

266 1132 326 1185 et
349 1133 596 1206 tempus
644 1130 756 1190 sibi
782 1130 1036 1192 audendi
1062 1131 1286 1211 aliquid
1331 1131 1635 1192 advenisse
1663 1135 1771 1192 rati
1794 1156 1812 1205 ;
1856 1154 1967 1194 nec
1995 1132 2257 1193 contenti
2287 1134 2488 1213 praeda

265 1220 371 1283 nisi
394 1235 661 1287 eruenta
688 1227 1031 1289 crudelitate
1057 1249 1322 1309 respersa
1347 1239 1525 1301 esset,
1550 1228 1716 1309 opidi
1739 1230 2087 1291 custodibus
2115 1239 2179 1290 et
2206 1231 2489 1293 Romanis

267 1322 748 1398 negotiatoribus
789 1324 866 1384 ad
914 1345 1093 1386 unum
1122 1327 1309 1398 cassis,
1370 1346 1746 1408 quaecunque
1792 1327 1873 1387 ibi
1903 1340 2129 1406 reperta
2156 1335 2313 1399 sunt,
2367 1336 2493 1387 tan·

270 1435 444 1494 qnam
504 1419 680 1479 bello
733 1420 828 1480 vel
881 1421 1220 1484 baereditate
1260 1425 1508 1503 quoesita
1532 1445 1549 1494 ς
1603 1424 1792 1503 aequis
1832 1424 1983 1484 inter
2020 1444 2081 1483 se
2119 1421 2491 1503 portionibus

271 1512 604 1576 diviserunt
627 1538 646 1586 3
690 1527 905 1596 praeter
930 1518 1192 1590 obsides,
1239 1540 1391 1600 quos
1418 1520 1493 1580 ad
1540 1520 1914 1599 magistratus
1940 1519 2018 1580 ab
2070 1519 2181 1579 illis
2227 1518 2494 1581 libertati

272 1609 617 1672 reddendos
648 1614 1056 1676 deduxerunt:
1099 1617 1341 1697 opidum
1385 1637 1522 1678 vero
1572 1618 1761 1697 ipsum
1808 1627 1901 1677 sat
1925 1615 2187 1676 validum
2213 1615 2496 1676 extiman-

273 1715 377 1778 tes,
423 1728 505 1769 ne
533 1710 785 1786 quando
831 1713 1109 1774 Romanis
1140 1714 1282 1774 utile
1309 1734 1437 1777 esse
1484 1723 1705 1793 posset,
1754 1712 1999 1773 flammis
2026 1711 2297 1773 immissis
2324 1731 2496 1772 exus-

275 1816 521 1867 serunt:
571 1815 638 1867 et
683 1807 959 1868 frumenti
1003 1819 1170 1888 parte
1197 1811 1532 1871 ⁷0manibus
1563 1819 1840 1888 quantum
1891 1808 2096 1889 paucis
2145 1808 2300 1868 boris
2334 1807 2500 1868 licuit

273 1904 423 1974 (erat
450 1902 620 1963 enim
663 1904 726 1963 in
771 1905 899 1984 ripa
928 1906 1145 1982 Ligeris
1174 1905 1447 1986 opidum)
1473 1909 1785 1966 ⁷¹annecte
1807 1927 1824 1976 3
1870 1915 2035 1984 parte
2054 1915 2160 1966 aut
2186 1903 2498 1965 ⁷²flammis

279 1996 527 2075 injecta,
557 2019 636 2061 ne
665 2001 808 2078 quid
839 2003 1071 2081 penitus
1100 2002 1380 2063 Romanis
1409 2009 1577 2062 tanto
1604 2023 1678 2075 ex
1705 2001 1889 2082 opido
1913 2009 2276 2081 superesset:
2303 2019 2499 2079 neque

280 2094 371 2154 bis
399 2097 679 2157 contenti
712 2098 832 2158 duo
857 2098 937 2158 illi
964 2099 1180 2178 egregii
1219 2098 1465 2160 Caesaris
1493 2099 1692 2172 amici,
1734 2098 2006 2177 colligere
2031 2098 2189 2159 omni
2216 2117 2290 2157 ex
2329 2106 2499 2175 parte

281 2193 560 2271 presidia
610 2194 826 2273 quibus
872 2197 1090 2258 Caesari
1135 2196 1458 2268 obstarent,
1511 2196 1668 2276 ripas
1710 2195 1963 2256 fluminis
2011 2194 2328 2267 custodire,
2378 2213 2498 2273 quo

283 2290 494 2351 ⁷'cnm
524 2290 838 2354 transitum
876 2293 1292 2372 prohiberent:
1337 2293 1747 2373 frumentaque
1774 2294 1971 2353 omnia
1997 2308 2373 2370 corrumpere
2398 2300 2504 2352 aut

285 2396 615 2465 asportate,
646 2398 716 2450 ut
737 2410 874 2450 enm
902 2390 952 2450 si
977 2411 1095 2451 non
1122 2390 1308 2461 aliter,
1337 2390 1544 2450 saltem
1571 2391 1726 2450 fame
1751 2389 2129 2470 repellerent:
2160 2407 2278 2467 qua
2305 2387 2366 2448 in
2395 2407 2502 2470 spe

287 2483 464 2544 valde
491 2485 628 2546 illos
657 2488 829 2566 Liger
869 2489 1054 2549 amnis
1080 2488 1380 2567 erigebat;
1422 2488 1760 2567 liquefactis
1786 2497 1995 2547 auctus
2024 2485 2278 2556 nivibus,
2306 2492 2375 2544 ut
2403 2504 2504 2544 va-

290 2579 420 2642 dari
446 2601 737 2661 nusquam
763 2603 940 2663 posse
966 2584 1320 2645 crederetur.
1392 2585 1591 2645 Caesar
1618 2585 1747 2644 haec
1772 2583 1852 2643 ita
1873 2582 2000 2643 fieri
2024 2580 2293 2652 audiens,
2320 2579 2502 2641 credo

291 2696 655 2755 cognoscere
698 2682 878 2761 coepit
905 2703 967 2742 se
996 2682 1432 2744 clementiorem
1460 2701 1630 2752 esse;
1674 2699 1792 2740 non
1821 2698 1998 2758 quam
2026 2676 2162 2749 sibi,
2193 2675 2298 2736 sed
2326 2695 2506 2756 quam

293 2775 638 2855 reipublicae
664 2778 1003 2870 expediret-z
1047 2780 1223 2860 [148]
1260 2779 1406 2839 nihil
1451 2788 1649 2840 tamen
1677 2777 1872 2837 animo
1910 2774 2196 2853 dejectus,
2247 2771 2351 2833 sed
2379 2791 2508 2851 per-

297 2870 506 2933 fidiam
554 2870 636 2935 in‘
661 2886 935 2937 auctores
980 2885 1205 2938 vertere
1227 2875 1585 2956 ⁷⁴cogitatis,
1633 2874 2004 2935 celerandum
2057 2870 2300 2940 statuitz
2342 2879 2409 2932 ut
2458 2868 2509 2930 si

297 2965 423 3030 fieri
463 2981 667 3049 posset
714 2992 850 3032 cum
879 2973 1147 3034 hostibus
1174 2980 1311 3033 ante
1338 2971 1813 3053 congrederetur,
1858 2989 2035 3050 quam
2071 2988 2271 3029 eorum
2316 2966 2510 3048 copiae

299 3082 374 3126 cx
401 3067 562 3127 omni
590 3068 917 3150 Galliarum
944 3070 1162 3148 angulo
1189 3069 1588 3140 convenirent,
1619 3087 1757 3146 quae
1782 3076 1919 3128 ante
1948 3075 2222 3144 retroque
2244 3063 2511 3124 innume·

299 3162 516 3224 rabiles
545 3173 608 3224 et
653 3165 949 3228 immensae
969 3176 1116 3226 erat.
1198 3165 1518 3246 cogitabat
1543 3173 1742 3226 autem
1795 3163 2044 3244 Ligerim
2094 3161 2258 3221 facto
2297 3158 2510 3239 raptim

301 3270 484 3337 ponte
509 3263 772 3322 transire.
853 3262 954 3323 Ad
981 3282 1153 3343 quem
1183 3282 1319 3325 cum
1358 3261 1455 3321 die
1496 3271 1802 3342 noctuque
1849 3277 2152 3338 nunquam
2180 3254 2514 3316 intermissis

300 3354 602 3418 itineribus
626 3360 1008 3438 pervenisset,
1058 3360 1262 3419 melius
1290 3359 1400 3420 sibi
1451 3378 1631 3437 quam
1659 3356 1908 3438 putabat
1932 3353 2174 3416 accidit.
2256 3350 2517 3430 Expedi-

235 3437 244 3446 ·
297 3452 506 3516 tissimi
537 3456 778 3534 quidam
806 3457 1073 3535 equitum
1101 3477 1332 3518 suorum
1362 3456 1579 3518 vadum
1621 3456 1682 3515 in
1730 3454 1969 3515 flumine
1996 3448 2302 3528 reperiere,
2331 3447 2513 3508 altum

310 3551 550 3628 quidem
575 3572 649 3612 ac
677 3553 933 3626 difficile,
960 3554 1065 3614 sed
1094 3574 1203 3633 pro
1233 3554 1517 3633 qualitate
1544 3550 1825 3630 temporis
1854 3556 2235 3633 oportunum.
2306 3545 2516 3622 Itaque

311 3648 468 3725 quod
513 3668 779 3729 persoepe
822 3660 885 3711 et
924 3650 1146 3711 fecerat
1191 3661 1253 3711 et
1299 3650 1562 3711 facturus
1589 3653 1734 3719 etat,
1785 3641 2126 3707 transversis
2167 3640 2227 3702 in
2281 3638 2517 3701 flumine

312 3748 469 3825 equis
501 3750 822 3827 majoribus
849 3751 950 3829 qni
979 3749 1264 3811 undarum
1295 3751 1550 3829 primum
1576 3748 1861 3827 impetum
1891 3743 2264 3814 sustinerent,
2293 3741 2519 3801 salvum

315 3843 550 3928 quidem
597 3845 737 3906 licet
779 3867 973 3926 usque
997 3847 1074 3908 ad
1123 3849 1395 3908 humeros
1443 3844 1839 3907 madefactum
1887 3839 2148 3903 traduxit
2171 3835 2517 3900 exercitum»
2552 3912 2556 3916 .

317 3937 390 3998 Et
415 3960 603 4019 quum
641 3953 853 4021 praeter
878 3945 1138 4006 omnium
1165 3945 1499 4025 opinionem
1527 3963 1599 4032 ac
1627 3962 1789 4023 spem
1816 3945 2073 4010 venerat,
2102 3935 2228 3997 solo
2254 3931 2517 3994 hostibus

317 4211 324 4220 ,
380 4177 445 4224 το
474 4175 660 4237 Forte,
677 4174 1014 4227 navibus—⁷1
1051 4177 1209 4239 Lege,
1237 4176 1553 4225 auam—ra
1584 4170 1818 4238 snppleo
1840 4182 1910 4219 ex
1930 4167 2141 4218 cca-ue
2159 4176 2176 4211 ι
2195 4158 2398 4225 m
2417 4151 2522 4212 αἴκε.

323 4257 444 4304 -73
477 4256 639 4320 Lege,
660 4270 769 4306 eun
788 4256 1148 4307 mum-'1⁴
1183 4255 1355 4319 Forte,
1372 4252 1604 4316 mitens.
