3017 4925
546 391 732 473 '2⁰74
1245 423 1634 474 ascensus
1681 382 2116 474 ammonuit

639 568 773 629 lana
799 587 908 647 por
936 569 1082 649 Frey
1110 565 1301 651 Diego
1331 568 1533 645 Lopez
1561 568 1636 628 de
1658 568 1914 640 Toledo,
1940 567 2417 629 commendatior
2451 567 2531 629 de
2558 570 2761 644 Casti}-

642 685 820 737 πονο,
850 665 959 726 de'
975 667 1031 726 la
1057 665 1262 726 Orden
1297 664 1374 723 de
1401 665 1737 740 Aleantara.
1820 664 2134 725 Annadido
2182 685 2258 725 un
2289 668 2656 744 Argumento
2694 667 2764 727 de

642 751 728 824 las
752 783 984 842 guerras
1023 763 1099 822 de
1150 763 1406 833 Francia,
1448 782 1484 842 y
1517 781 1632 821 una
1680 761 2053 822 declaraeion
2097 762 2172 822 de
2219 782 2288 821 su
2336 762 2589 823 division
2633 782 2768 841 para

641 861 969 921 coneordar
987 879 1021 920 a
1040 861 1221 919 Cesar
1246 879 1359 919 eon
1380 867 1543 918 otros
1566 860 1840 919 Antores.
1881 877 1954 918 en
1977 858 2236 931 Madrid,
2266 878 2375 938 par
2401 860 2460 918 la
2481 859 2673 920 Viuda
2692 860 2764 920 de

648 956 873 1016 Alonso
904 956 1140 1017 Martin.
1166 965 1224 1015 4.
2705 1011 2708 1014 .

572 1060 725 1123 1799
745 1053 1143 1113 Comentarios
1163 1052 1236 1112 de
1252 1051 1287 1111 J
1292 1051 1412 1111 ulio
1430 1052 1608 1112 Cesar
1629 1051 1969 1113 tradueidos
1992 1072 2107 1112 con
2130 1061 2302 1114 notas
2323 1074 2358 1113 e
2378 1054 2768 1132 iluistrationes

643 1171 679 1229 y
709 1150 1040 1220 adornadas
1081 1150 1158 1210 de
1202 1148 1448 1208 muchas
1487 1148 1730 1209 laminas
1778 1154 2117 1210 executatas
2165 1169 2239 1210 en
2283 1151 2476 1211 Roma
2522 1150 2681 1210 baxo
2717 1151 2766 1210 la

645 1244 945 1306 direecion
983 1246 1081 1306 del
1118 1248 1244 1307 Sor.
1294 1246 1430 1305 Don
1477 1244 1713 1305 Nicolas
1752 1245 1826 1310 de
1867 1245 2077 1308 Azara.
2143 1245 2405 1321 Madrifi,
2447 1247 2508 1307 in
2538 1258 2763 1328 typogr.

646 1335 839 1423 regia:
869 1352 905 1404 2
933 1344 1115 1404 Tom.
1142 1351 1199 1403 4.

1498 1650 1844 1697 Ganuen-

573 1838 724 1892 1488
770 1831 883 1891 Les
910 1827 1372 1893 commentaires
1413 1836 1473 1889 et
1523 1828 1767 1890 briefves
1821 1828 2207 1908 descriptions
2251 1827 2326 1890 de
2365 1827 2533 1889 Jules
2574 1828 2763 1899 Cesar,

645 1947 744 1986 sur
783 1927 838 1987 le
884 1927 1029 1987 faict
1054 1926 1158 1987 des
1204 1924 1463 1986 batailles
1503 1934 1566 1985 et
1592 1936 1941 2005 conquestes
1977 1928 2054 1987 de
2081 1926 2314 1987 Gaule:
2356 1926 2670 1986 translatez
2695 1925 2764 1985 de

644 2023 787 2083 latin
811 2043 883 2084 en
914 2023 1167 2104 vulgaire
1198 2024 1514 2101 Franeoys‚
1565 2041 1674 2102 par
1701 2025 1849 2084 frere
1876 2024 2101 2084 Robert
2140 2022 2376 2103 Gaguin
2405 2023 2661 2084 docteur
2697 2042 2764 2083 en

645 2118 868 2192 decret,
908 2132 967 2182 et
996 2121 1249 2181 ministre
1278 2120 1515 2199 general
1541 2115 1659 2180 ¹des
1700 2120 1879 2181 freres
1907 2120 1983 2181 de
2010 2121 2066 2181 la
2092 2121 2310 2181 saincte
2340 2119 2560 2194 uiuite,
2588 2128 2649 2181 et
2688 2140 2768 2180 re·

645 2199 945 2296 demption
990 2218 1095 2279 des
1145 2218 1503 2298 prisonniers
1531 2218 1871 2281 chrestiens.
1957 2221 2009 2279 A
2038 2219 2441 2279 treschrestien
2471 2229 2533 2277 et
2561 2228 2766 2278 tresex-

647 2314 858 2376 cellent
900 2315 1116 2393 ptinere,
1165 2315 1406 2376 Charles
1449 2314 1773 2395 huytiesme
1814 2317 1891 2404 fle
1932 2337 2003 2377 ce
2049 2335 2185 2376 nom
2227 2317 2358 2396 Roy
2401 2314 2480 2375 de
2531 2315 2762 2374 Franee.

646 2412 771 2473 Lan
818 2413 950 2475 Mil.
997 2428 1186 2474 ccco.
1245 2412 1501 2474 Octante
1546 2430 1705 2475 vul.
1749 2433 1795 2475 s.
1834 2416 1876 2477 1.
1917 2423 1978 2475 et
2021 2425 2254 2494 typogr.
2285 2411 2568 2490 (Parisiis,
2610 2410 2762 2490 apud

648 2512 788 2571 Ant.
814 2510 1081 2586 Vei-ard.)
1107 2511 1213 2571 fol.
1235 2513 1470 2571 Recusa
1497 2512 1729 2574 Parisiis
1756 2532 1852 2575 an.
1876 2521 2048 2583 1537.
2078 2512 2239 2592 apud
2271 2514 2480 2573 Franc.
2501 2509 2763 2573 Renand.

646 2607 749 2669 fol.

574 2711 716 2764 1531
767 2705 876 2765 Les
903 2708 1365 2772 commentaires
1394 2710 1471 2771 de
1498 2708 1657 2769 Jvles
1685 2709 1862 2768 Cesar
1890 2709 1983 2768 De
2012 2707 2067 2767 la
2096 2726 2302 2787 guerre
2324 2704 2541 2766 Ciuile.
2598 2706 2691 2766 De
2716 2704 2767 2764 la

643 2820 851 2877 guerre
904 2805 1314 2870 Alexandriae.
1399 2810 1492 2869 De
1536 2806 1594 2866 la
1645 2825 1852 2884 guerre
1909 2805 2244 2883 Daffrique.
2327 2805 2423 2864 De
2467 2801 2523 2861 la
2573 2821 2768 2879 guerre

645 2899 999 2978 Despaigne.
1067 2904 1410 2967 Translata
1439 2924 1546 2985 par
1571 2903 1749 2964 noble
1778 2904 2009 2963 homme
2031 2903 2308 2964 Estienne
2336 2899 2627 2979 Delaigue
2652 2898 2769 2959 dict

648 2995 974 3077 Beauuoys.
1060 3001 1183 3060 Des
1211 3003 1478 3063 batailles
1508 3012 1570 3062 et
1597 3012 1922 3080 conquesta
1952 3000 2130 3061 saictz
2170 3020 2279 3078 par
2306 3002 2491 3060 Cesar
2530 3019 2606 3059 au
2635 3020 2770 3081 pays

647 3090 725 3151 de
753 3094 968 3153 Gaule.
1036 3096 1380 3160 Translata
1410 3118 1518 3178 par
1545 3098 1642 3158 feu
1662 3098 1737 3157 de
1768 3098 1962 3157 bonne
1992 3098 2268 3157 memoire
2290 3098 2518 3159 Robert
2536 3099 2767 3180 Gaguin

638 3191 881 3273 'general
910 3191 987 3251 de
1027 3193 1221 3254 lordre
1249 3195 1327 3256 de
1368 3197 1423 3255 la
1471 3195 1697 3256 saincte
1724 3196 1973 3255 Trinite.
2062 3198 2224 3255 Avec
2255 3194 2338 3254 les
2380 3197 2693 3273 portraictz
2715 3206 2771 3255 et

647 3286 1039 3367 descriptious
1067 3290 1170 3352 des
1204 3293 1383 3364 lieux,
1416 3292 1588 3364 forta,
1616 3303 1820 3371 ponta,
1873 3292 2194 3366 macliines,
2220 3300 2280 3351 et
2320 3293 2543 3353 aultres
2571 3295 2769 3355 choses

644 3384 791 3446 dont
836 3398 927 3447 est
974 3388 1109 3450 faict
1139 3391 1400 3451 mention
1428 3411 1491 3451 es
1522 3410 1763 3469 presens
1807 3388 2270 3450 commentaires.
2351 3391 2670 3451 Ensemble
2697 3392 2769 3450 les

642 3500 812 3543 nonis
861 3484 965 3544 des
1015 3487 1186 3559 lieux,
1218 3489 1400 3563 vines,
1429 3497 1488 3549 et
1520 3489 1766 3567 peuples
1796 3488 1879 3547 du
1926 3506 2076 3567 pays
2119 3486 2196 3546 de
2245 3487 2464 3546 Gaule.
2548 3490 2648 3548 On
2695 3489 2769 3549 les

643 3580 794 3641 vend
823 3600 859 3641 a
900 3583 1060 3644 Paris
1087 3606 1157 3645 en
1189 3587 1245 3645 la
1271 3585 1454 3665 grand
1488 3605 1590 3645 rue
1617 3585 1808 3646 sainct
1845 3586 2063 3664 Jaques
2105 3583 2325 3643 deuant
2368 3583 2455 3643 les
2487 3585 2768 3645 Maturius

642 3694 715 3736 eu
743 3675 798 3737 la
828 3678 1112 3759 boutique
1132 3682 1209 3743 de
1238 3683 1463 3744 Poncet
1484 3683 1539 3744 le
1564 3704 1762 3763 preux.
1805 3699 1885 3741 Μ.
1904 3699 1970 3742 ι).
2000 3688 2216 3742 xxx¹.'
2262 3682 2330 3740 In
2359 3680 2475 3740 fine
2503 3681 2770 3760 leguntur

648 3777 993 3851 sequentia:
1059 3787 1077 3813 ‘
1107 3781 1196 3861 Cy
1228 3779 1389 3842 finist
1431 3782 1486 3842 la
1517 3781 1855 3844 translation
1881 3779 1989 3839 des
2026 3779 2470 3839 commentaires
2499 3779 2575 3839 de
2620 3779 2769 3842 Jules

648 3868 947 3932 Cesar‘sur
972 3874 1026 3932 le
1056 3875 1198 3937 faict
1223 3878 1298 3938 de
1318 3879 1372 3938 la
1402 3894 1729 3960 conqueste
1751 3879 1833 3938 du
1857 3897 1997 3958 pays
2027 3878 2101 3935 de
2120 3877 2316 3936 Gaule
2343 3874 2524 3935 faiete
2553 3885 2618 3937 et
2634 3876 2765 3935 mise

647 3985 721 4025 en
749 3966 1022 4049 francoys
1048 3992 1154 4050 par
1180 3976 1328 4035 frere
1356 3980 1582 4040 Robert
1608 3978 1820 4057 gaguin
1848 3975 2097 4035 doeteur
2121 3992 2196 4033 en
2225 3973 2430 4033 decret
2456 3981 2518 4032 et
2543 3971 2763 4052 general

648 4064 910 4126 ministre
949 4068 1024 4128 de
1051 4070 1244 4132 lordre
1284 4074 1390 4133 des
1427 4076 1606 4139 freres
1632 4076 1711 4137 de
1740 4074 1799 4136 la
1842 4074 2067 4135 saincte
2095 4070 2294 4133 trinite
2319 4080 2379 4132 et
2407 4070 2761 4150 redemption

648 4160 756 4221 des
781 4162 1136 4243 prisonniers
1165 4169 1507 4233 chrestiens.
