3017 4925
898 403 997 456 nn
1043 403 1225 454 vrrs
1270 402 1475 454 mnu
1523 400 1880 454 oAEsAms.
2313 381 2487 458 171⁷

284 559 858 635 nmquam-tempus
884 555 1162 638 exigeret,
1206 555 1263 615 in
1290 554 1535 615 hiberna
1581 553 1861 634 perduxit
1885 552 2223 626 exereitum,
2266 554 2488 635 quibus

286 653 591 714 Labienum
620 652 972 734 praeficiens
999 655 1131 734 ipse
1156 653 1544 714 ”interiorem
1575 652 1830 713 Galliam
1858 651 2211 732 properavit.

1039 1203 1531 1335 LIBER
1611 1255 1725 1331 11.

276 1470 529 1535 CAEsARI
559 1473 877 1556 Cisalpina
906 1474 965 1534 in
994 1474 1192 1536 Gallia
1218 1473 1548 1536 demoranti
1575 1479 1636 1534 et
1663 1471 1839 1534 samae
1867 1468 2114 1533 vocibus
2142 1478 2202 1533 et
2238 1473 2486 1535 Labieni

277 1567 468 1630 litteris
496 1572 835 1644 nuntiatur,
868 1570 1075 1652 Belgas
1101 1591 1250 1652 quos
1296 1571 1605 1634 Gallorum
1654 1570 1986 1651 praecipuos
2029 1589 2154 1630 esse
2199 1580 2486 1632 monstra·

278 1666 450 1728 vimus
478 1671 838 1749 conjurasse
867 1688 1068 1731 omnes
1104 1670 1381 1730 adversus
1425 1669 1714 1749 populum
1744 1671 2108 1743 Romanum3
2160 1679 2222 1732 et
2253 1669 2488 1749 jureju-

275 1763 463 1838 rando,
509 1765 893 1828 “obsidibus
934 1768 1339 1847 conjuratione
1381 1766 1632 1829 firmata.
1711 1767 1821 1828 Rei
1861 1767 2038 1846 hujus
2075 1787 2314 1829 causam
2357 1784 2487 1829 esse

280 1862 656 1943 multiplicem
684 1888 703 1937 ς
736 1885 911 1925 unam
941 1864 1102 1946 quod
1134 1866 1426 1936 timerent,
1453 1884 1527 1924 ne
1556 1872 1712 1924 statu
1741 1864 2056 1944 superioris
2084 1864 2299 1926 Galliae
2325 1883 2489 1925 com-

280 1959 492 2035 posito;
539 1961 623 2022 ad
669 1982 769 2022 eos
816 1982 887 2022 ex
932 1962 1137 2023 ordine
1176 1961 1568 2024 “venit-entur
1588 1986 1607 2036 ς
1653 1962 1916 2035 alteram,
1949 1960 2110 2042 quod
2139 1961 2216 2022 ad
2247 1960 2488 2033 bellum,

282 2054 578 2118 Gallorum
617 2058 980 2140 reliquorum
1010 2060 1268 2122 consiliis
1295 2069 1677 2141 urgerentur:
1729 2059 1947 2140 quibus
1975 2058 2221 2139 urgendi
2245 2076 2488 2139 quoque

281 2171 461 2214 causae
489 2165 667 2216 erant
698 2157 874 2218 variae
901 2181 918 2229 ;
966 2158 1342 2238 quibusdam,
1385 2166 1452 2220 ut
1478 2156 1780 2219 nidificare
1810 2158 2142 2220 Germanos
2183 2156 2242 2216 in
2279 2154 2491 2216 Galliis

277 2268 417 2330 aegre
444 2254 722 2314 tulerant
742 2277 760 2326 ;
807 2254 893 2314 sic
923 2255 1141 2316 ibidem
1169 2257 1468 2316 Romanos
1514 2255 1819 2316 hibernare
1857 2261 1918 2315 et
1957 2261 2276 2334 perpetuas
2319 2251 2489 2313 sedes

275 2347 493 2430 eligere,
523 2353 736 2413 animo
764 2335 904 2414 nihil
934 2356 1193 2436 aequiore
1220 2354 1543 2417 ferentibus
1567 2375 1592 2420 z,
1627 2353 1757 2438 aliis
1784 2371 1967 2413 causa
2002 2359 2128 2412 erat
2170 2350 2293 2411 sola
2329 2348 2489 2409 vani-

277 2454 355 2507 tas
377 2458 441 2515 et,
462 2451 789 2513 stultorum
816 2452 1021 2513 animis
1061 2452 1458 2515 novandarum
1498 2473 1693 2514 rerum
1736 2471 1968 2532 semper
2010 2449 2210 2510 innata
2252 2445 2485 2528 cupidi-

278 2552 375 2606 tas.
458 2548 653 2607 Erant
684 2548 898 2628 quibus
927 2549 1162 2610 abunde
1187 2570 1329 2631 opes
1372 2549 1680 2611 affluerent
1704 2547 1777 2609 ad
1830 2544 2257 2607 conducendos
2297 2543 2486 2604 bomi-

279 2661 412 2714 nes;
463 2655 532 2703 et
564 2645 676 2705 bac
704 2645 796 2705 via
826 2645 887 2705 in
922 2648 1156 2727 populis
1193 2646 1728 2733 praeeminentiamz
1778 2651 1838 2706 et
1866 2642 2030 2725 quasi
2070 2640 2341 2722 quaedam
2370 2638 2487 2699 sibi

282 2758 449 2819 regna
493 2740 844 2816 conflarent,
881 2745 1046 2823 quod
1089 2745 1369 2807 Romanis
1415 2742 1853 2825 imperantibus,
1900 2738 2261 2820 aequatisque
2306 2736 2488 2798 rebus

284 2837 572 2912 omnibus,
623 2859 704 2910 se,
750 2849 816 2900 ut
860 2841 1016 2903 soliti
1057 2852 1238 2915 erant,
1286 2843 1481 2903 facere
1527 2860 1704 2921 posse
1743 2838 2122 2900 ”differrent
2204 2834 2356 2895 Sane
2395 2833 2488 2895 his

283 2936 611 2996 rumoribus
642 2938 841 2998 Caesar
865 2948 1079 3012 motus,
1125 2938 1275 3001 duas
1302 2959 1459 3000 nunc
1489 2938 1665 2999 etiam
1692 2936 1946 3017 legiones
1983 2932 2252 2996 citeriore
2278 2928 2492 2993 scribit

287 3024 339 3089 in
367 3032 585 3105 Gallia,
619 3053 837 3114 easque
879 3054 988 3115 per
1014 3036 1303 3106 Quintum
1330 3035 1581 3096 Pedium
1621 3037 1873 3116 legatum
1912 3052 2103 3104 suum,
2148 3028 2488 3115 ulteriorem

288 3124 341 3187 in
379 3130 640 3190 Galliam
686 3132 1048 3204 transmittit,
1094 3133 1219 3212 ipse
1265 3153 1401 3192 mox
1446 3132 1750 3211 sequitur:
1794 3139 1856 3192 et
1897 3127 2243 3197 Senonibus,
2291 3124 2487 3204 proxi*

289 3225 510 3307 misque
561 3227 888 3307 Belgarum,
936 3229 1066 3309 [43]
1115 3249 1316 3289 curam
1364 3227 1698 3310 inquirendi
1739 3235 1956 3287 statum
2007 3222 2490 3304 propositumque

289 3318 534 3385 hostium
565 3326 851 3406 imponit3
899 3328 1113 3408 quibus
1140 3329 1284 3388 haut
1320 3326 1502 3395 dubie
1546 3326 1799 3388 unanimi
1842 3324 2154 3384 assertione
2189 3316 2489 3379 referenti·-

288 3416 410 3493 bus,
448 3423 676 3483 bellum
717 3444 890 3503 grave
919 3435 1124 3485 contra
1154 3426 1443 3486 Caesarem
1473 3424 1692 3504 parari,
1735 3422 1815 3482 ire
1842 3419 1919 3480 ad
1947 3439 2071 3489 eos,
2111 3424 2172 3476 et
2215 3411 2489 3494 periculis
2603 3462 2610 3471 .

291 3533 405 3578 sese
432 3521 676 3581 obvium
705 3520 855 3581 ferre
883 3520 1195 3602 disposuit.
1280 3521 1615 3607 Confestim
1664 3538 1805 3598 ergo
1844 3515 2019 3575 motis
2064 3511 2269 3574 castris
2312 3510 2488 3595 quin·

290 3614 581 3678 todecimo
610 3618 705 3679 die
733 3619 1042 3698 Belgarum
1071 3618 1217 3680 fines
1244 3619 1476 3700 attigit:
1507 3621 1799 3696 insperato
1827 3612 2085 3674 adventu
2111 3611 2255 3671 moti
2272 3606 2489 3671 Rhemi

292 3707 502 3792 legatos
538 3714 616 3775 ad
656 3735 792 3777 eum
840 3716 1138 3798 principes
1175 3718 1425 3779 civitatis
1464 3717 1617 3778 duos
1657 3714 1896 3776 mittunt
1932 3716 2280 3772 excusantes
2317 3708 2487 3768 inno·

295 3811 567 3873 centiam:
618 3832 735 3872 non
764 3834 825 3874 se
854 3835 989 3876 cum
1021 3816 1257 3896 reliquis
1296 3815 1655 3894 conjurasse,
1700 3815 1818 3874 imo
1863 3808 2108 3892 quidem
2148 3805 2488 3867 Suessionefl

293 3902 484 3969 fratres
512 3931 583 3969 ac
615 3912 911 3989 proximos
939 3933 1075 3973 suos
1099 3934 1134 3973 a
1162 3913 1358 3975 furore
1384 3913 1632 3995 publico
1657 3912 1948 3973 retrahere
1976 3905 2246 3978 voluisse,
2292 3914 2487 3979 neque

296 4002 400 4067 ullo
425 4007 662 4087 ingenio
689 4010 986 4087 potuisse:
1027 4007 1252 4073 ⁴⁴'tauto
1281 4011 1434 4072 enim
1475 4030 1605 4073 esse
1649 4003 2072 4088 conjurationis
2106 4002 2389 4079 impetum
2418 3998 2488 4057 ut

336 4201 400 4255 ω
413 4202 579 4268 nege,
592 4203 647 4255 ει
659 4203 1074 4258 amm-⁴1
1096 4206 1255 4276 lege,
1267 4212 1316 4260 ee
1328 4206 1716 4262 mm&
1736 4187 2488 4268 teramum-⁴⁸,va

293 4277 694 4349 manee-u
724 4286 1109 4361 amem.
