3017 4925
523 425 701 495 m
1198 437 1586 493 anonvmus
1631 437 2057 493 nnrrronnu

533 583 690 647 1650
730 586 843 647 Les
871 583 1335 647 commentaires
1353 583 1431 644 de
1449 586 1483 645 J
1490 584 1616 643 ules
1642 584 1858 655 cesai-3
1906 575 2296 662 eomprenant
2320 585 2378 646 la
2399 604 2602 664 guerre
2622 584 2724 645 des

606 683 853 756 Gaules,
919 685 979 746 la
1033 703 1239 764 guerre
1294 683 1500 753 Civile,
1554 681 1612 742 la
1672 701 1876 762 guerre
1928 682 2361 756 d'Alexandrie,
2417 684 2479 743 la
2523 703 2727 763 guerre

605 779 928 860 d’Afrique,
957 790 1019 840 et
1046 781 1104 840 la
1128 799 1332 859 guerre
1359 779 1723 858 d'Espagne:
1771 778 2019 839 traduits
2056 779 2132 839 de
2160 780 2329 839 Latin
2359 800 2432 840 en
2456 781 2728 862 Franyois

605 897 715 957 par
741 879 979 939 Nicolas
1001 878 1205 938 Perrot
1229 878 1401 938 Sient·
1426 875 1887 945 d'Ablanoourtg
1936 895 2077 936 aveo
2107 875 2214 936 des
2241 877 2602 955 Remarques
2632 897 2734 938 sur

606 975 662 1034 la
691 976 867 1036 Carte
892 975 967 1037 de
996 976 1311 1037 l’ancienne
1338 974 1534 1035 Gaule
1553 974 1694 1035 tiree
1715 973 1819 1034 des
1835 973 2294 1035 Conimentaires
2312 974 2389 1035 de
2410 974 2596 1036 Cesar
2621 994 2734 1053 par

607 1072 848 1133 Nieolas
890 1075 1129 1136 Sanson.
1169 1074 1205 1135 a
1230 1075 1411 1136 Paris.
1440 1072 1958 1137 4.-Ablaneurtii
1998 1073 2207 1146 versio,
2236 1072 2378 1134 lieet
2415 1071 2740 1151 elegantior

607 1169 922 1248 prioribus,
971 1182 1029 1231 et
1059 1172 1209 1232 Lud.
1239 1170 1544 1231 Burbonio
1583 1169 1840 1249 Principi
1867 1169 2112 1230 Condeo
2154 1167 2387 1249 plurimi
2424 1168 2735 1240 aestimata,

609 1275 803 1328 tamen
853 1277 921 1329 ut
965 1288 1172 1349 parum
1220 1268 1408 1350 fidelis
1450 1287 1486 1328 a
1530 1267 1829 1340 Bladenio,
1879 1267 2125 1346 Anglieo
2177 1268 2508 1346 interprete,
2549 1276 2612 1327 et
2653 1265 2735 1327 ab

611 1364 846 1426 Abbate
886 1366 962 1426 de
1005 1368 1259 1446 Vayrae,
1300 1365 1482 1444 (Bibl.
1528 1365 1739 1425 Frano.
1783 1365 1859 1425 T.
1889 1380 1989 1424 xl.
2032 1383 2092 1443 p.
2122 1372 2259 1425 328.
2340 1363 2589 1424 Journal
2627 1362 2740 1423 des

538 1497 551 1502 -
610 1461 833 1521 Savans
864 1460 1035 1532 1726.
1065 1482 1125 1542 p.
1149 1464 1317 1538 279.)
1355 1461 1786 1541 perstringitur,
1815 1461 1978 1542 quod
2000 1480 2108 1541 pro
2127 1459 2249 1521 fide
2275 1467 2337 1520 et
2361 1460 2740 1521 accuratione

611 1557 834 1619 habens
885 1560 1111 1621 cultum
1159 1561 1546 1640 nitoremque,
1590 1558 1704 1619 alia
1746 1578 2050 1639 perperam
2098 1558 2326 1631 reddat,
2375 1559 2634 1638 trajiciat
2682 1569 2746 1619 et

609 1656 845 1717 omittat
870 1658 1001 1731 alia,
1025 1658 1137 1718 alia
1163 1657 1426 1736 adjiciat.
1468 1658 1614 1737 Ejus
1633 1657 2002 1737 repetitiones
2029 1666 2195 1718 suut:
2244 1656 2526 1717 Parisinae
2564 1654 2743 1718 1652.

613 1765 673 1815 4.
711 1753 885 1818 1658.
937 1764 994 1816 4.
1048 1753 1221 1816 1665.
1255 1754 1432 1826 1672.
1488 1752 1804 1826 1677512.
1839 1754 2013 1826 1669,
2059 1764 2114 1816 s.
2185 1754 2748 1833 Gratianopolitana

622 1854 794 1919 1665.
830 1864 923 1916 12.
960 1862 996 1917 2
1026 1853 1164 1913 volt.
1221 1852 1790 1915 Amstelodamenses
1826 1851 1998 1922 1678·
2042 1861 2104 1912 et
2135 1860 2429 1922 1708.12.
2461 1853 2538 1913 at.
2594 1852 2748 1913 Post

542 1989 551 1998 ·
612 1972 759 2032 quas
792 1950 1156 2012 Ablaneurtii
1182 1950 1714 2029 interpretationem
1749 1948 2198 2010 emendatiorem
2230 1949 2472 2011 reddere
2503 1948 2748 2011 studue-

614 2059 753 2110 runt
780 2049 876 2110 ed.
938 2051 1126 2128 Hagae
1156 2049 1326 2112 Com.
1365 2056 1538 2117 1743.
1594 2048 1757 2109 Paris
1792 2053 1963 2117 1755.
2005 2055 2066 2108 et
2094 2065 2228 2127 quae
2254 2065 2378 2128 prae
2412 2045 2622 2107 ceteris
2652 2055 2749 2106 est

612 2145 903 2207 laudanda
928 2144 1024 2206 ed.
1080 2145 1261 2206 Paris.
1295 2144 1468 2215 1776.
1495 2165 1594 2226 ap.
1625 2146 1883 2206 Barbou.

543 2242 688 2306 1651
738 2245 823 2304 La
850 2246 1082 2305 Guerre
1124 2243 1230 2304 des
1258 2243 1507 2315 Suisses,
1541 2241 1794 2303 traduite
1831 2241 1913 2302 du
1940 2241 2190 2321 premier
2220 2241 2361 2300 livre
2409 2240 2518 2301 des
2560 2242 2750 2301 Com-

604 2342 923 2402 ·mentaires
965 2341 1042 2402 de
1067 2342 1228 2401 Jules
1259 2341 1457 2413 Cesar,
1502 2359 1614 2419 par
1658 2338 1839 2399 Louis
1880 2355 2025 2400 xw.
2056 2339 2210 2399 Dieu
2249 2338 2465 2412 donne,
2509 2339 2639 2419 Roy
2670 2337 2749 2398 de

618 2439 840 2501 Franee
887 2448 948 2500 et
989 2439 1065 2502 de
1107 2440 1392 2501 Navarre.
1447 2439 1659 2517 (ductu
1707 2434 2090 2499 Montauserii
2128 2435 2355 2513 Ducis.)
2383 2436 2416 2498 ὲ
2452 2437 2633 2507 Paris,
2665 2434 2747 2497 de

610 2536 1001 2617 l'imprimerie
1029 2539 1275 2618 Royale.
1305 2537 1406 2601 fol.
1437 2557 1491 2597 e.
1519 2536 1658 2616 figg.

484 2652 491 2661 ·
542 2643 697 2705 1743
739 2637 851 2697 Les
877 2636 1336 2698 commentaires
1359 2635 1436 2697 de
1464 2635 1648 2696 Cesar
1675 2633 1849 2694 d'une
1891 2632 2228 2694 traduction
2259 2639 2426 2692 toute
2455 2632 2747 2693 nouvelle.

615 2731 652 2792 a
680 2732 739 2792 la
767 2733 957 2813 Haye,
990 2734 1135 2794 chez
1163 2736 1310 2795 Jean
1342 2734 1553 2794 Swart.
1586 2739 1623 2793 2
1646 2730 1779 2791 voll.
1816 2739 1910 2792 12.

546 2835 700 2899 1755
742 2830 856 2889 Les
888 2830 1346 2889 Commentaires
1394 2829 1470 2890 de
1506 2830 1705 2891 Cesar.
1786 2827 2077 2889 Nouvelle
2117 2827 2360 2900 edition,
2393 2846 2591 2901 revue,
2620 2847 2754 2889 cor·

619 2926 777 3004 rigee
804 2936 863 2986 et
909 2927 1258 3005 augmentee
1304 2926 1407 2988 des
1450 2936 1620 2988 notes
1665 2926 2016 3006 historiques
2053 2935 2114 2985 et
2165 2924 2658 3006 geographiques,
2690 2934 2752 2987 et

618 3021 795 3082 d'une
861 3022 1037 3083 Carte
1097 3022 1358 3084 nouvelle
1413 3023 1487 3083 de
1540 3025 1596 3084 la
1651 3023 1847 3086 Gaule
1902 3034 1961 3083 et
2012 3022 2093 3083 du
2151 3024 2295 3083 Plan
2356 3022 2585 3083 d’Alise
2640 3042 2754 3102 par

620 3120 709 3180 M.
730 3116 1040 3178 d'Anville.
1092 3117 1129 3178 a
1156 3119 1338 3180 Paris.
1382 3127 1419 3180 2
1447 3120 1587 3180 voll.
1619 3120 1901 3181 8.—Haec
1943 3120 2194 3181 maxime
2234 3119 2514 3181 laudatur
2540 3119 2622 3181 ob
2649 3119 2764 3181 ad«

618 3215 772 3277 ditas
801 3225 987 3276 notas.
1046 3215 1277 3277 Recusa
1306 3223 1494 3278 Amst.
1529 3215 1701 3287 1768.
1737 3225 1829 3279 12.

545 3312 700 3386 1776
738 3312 1200 3374 Commentaires
1226 3313 1302 3374 de
1330 3313 1530 3385 Cesar,
1559 3314 1830 3375 nouvelle
1854 3313 2099 3386 edition,
2130 3333 2303 3374 revue
2338 3324 2401 3373 et
2426 3314 2748 3377 retouchee

619 3431 764 3473 avec
788 3411 930 3472 soin.
957 3410 994 3471 a
1026 3411 1207 3483 Paris,
1229 3411 1373 3471 ehez
1399 3411 1455 3471 J.
1480 3410 1740 3472 Barbou.
1791 3419 1827 3472 2
1851 3411 1992 3470 voll.
2028 3418 2120 3471 12.
2171 3429 2307 3470 cum
2337 3420 2506 3471 textu
2537 3412 2665 3471 Lat.

544 3516 697 3579 1785
739 3509 1200 3570 commentaires
1237 3507 1313 3568 de
1343 3507 1542 3579 Cesar,
1571 3527 1716 3568 aveo
1745 3508 1849 3568 des
1875 3516 2039 3567 notes
2063 3506 2437 3585 historiques,
2469 3507 2753 3588 critiques
2829 3566 2847 3582 ,

554 3624 561 3630 ’
622 3615 684 3665 et
711 3604 1028 3677 militaires,
1057 3624 1166 3684 par
1187 3606 1275 3665 M.
1322 3604 1377 3665 le
1405 3606 1620 3666 Comte
1645 3605 1876 3685 Turpin
1905 3604 1984 3665 de
2010 3604 2222 3667 ctisse.
2261 3603 2296 3664 a
2326 3605 2515 3667 Paris.
2548 3613 2586 3668 3
2614 3605 2753 3667 voll.

621 3711 680 3763 4.
704 3721 841 3762 eum
870 3713 1035 3763 textu
1064 3703 1256 3767 Latin.
1285 3712 1347 3763 et
1375 3701 1515 3783 figg.

543 3797 699 3870 1786
740 3800 825 3859 La
850 3801 1079 3863 Guerre
1140 3799 1247 3860 des
1286 3800 1505 3862 Gaules
1560 3820 1668 3880 par
1720 3804 1777 3863 J.
1808 3801 2008 3874 Cesar,
2063 3800 2319 3861 traduite
2346 3820 2423 3861 en
2479 3797 2751 3881 Franeois

620 3915 763 3957 avec
803 3896 905 3956 des
934 3908 1097 3957 notes
1124 3898 1420 3960 militaires
1447 3919 1556 3979 par
1582 3902 1672 3961 M.
1702 3899 1779 3960 de
1808 3900 1997 3970 Pecis‚
2028 3899 2136 3960 des
2173 3907 2358 3960 cartes
2384 3908 2448 3959 et
2470 3900 2662 3978 pians,
2687 3905 2749 3957 et

623 3996 680 4058 le
706 3997 955 4076 portrait
984 3997 1060 4057 de
1084 3998 1509 4061 &int-Aubun.
1554 4001 1589 4062 a
1614 4001 1841 4064 Parme.
1874 3999 2125 4061 Bodoni.
2156 4006 2194 4061 8
2225 3999 2357 4059 voll.
2391 4007 2446 4060 8.

547 4104 700 4179 1787
742 4095 1204 4181 Commentaires
1232 4095 1310 4156 de
1338 4099 1540 4171 cesar,
1571 4118 1716 4158 avec
1745 4097 1848 4158 des
1875 4108 2041 4159 notes
2072 4096 2441 4175 historiques,
2471 4094 2746 4175 critique-s

562 4234 569 4241 -
619 4203 681 4253 et
701 4192 1017 4266 militaires,
1041 4213 1148 4274 par
1170 4195 1256 4254 M.
1278 4195 1332 4254 le
1362 4195 1576 4257 Comte
1598 4196 1834 4276 Turpia
1852 4196 1930 4256 de
1951 4195 2158 4256 Crisse.
2194 4194 2486 4255 Nouvelle
2509 4191 2748 4263 edition,

610 4291 653 4354 ὁ
703 4292 760 4353 la
808 4294 997 4374 quelle
1064 4314 1142 4357 on
1183 4315 1215 4356 a
1250 4294 1460 4375 ajout&
1504 4296 1562 4356 la
1609 4297 1786 4358 Carte
1827 4296 1910 4357 de
1929 4294 2248 4355 l’aueienne
2274 4292 2470 4352 Gaule
2512 4308 2622 4371 par
2656 4289 2745 4349 M.
