3017 4925
70 454 75 549 ἶ,

862 390 968 441 na·
1026 386 1203 439 vrrA
1248 388 1453 440 sunu
1503 389 1868 445 cAEssmrs·
2300 378 2470 446 1871

280 516 506 593 scriptor
546 516 833 597 egregius,
878 519 1030 579 Cato
1079 519 1307 579 videtur
1349 539 1591 581 causam
1642 520 1998 600 quaesivisse·
2023 514 2326 594 moriendi,
2354 541 2470 585 non

276 624 374 673 tatu
404 608 462 675 ut
496 616 791 676 Caesarem
819 615 1262 697 fugeret,.quam
1294 626 1356 678 ut
1380 617 1710 678 Stoicorum
1740 617 1990 678 decretis
2018 618 2469 699 obtemperaret,

275 732 402 791 quos
431 715 797 786 sectabatur,
829 734 1118 795 suumque
1166 736 1374 777 nomen
1425 715 1650 795 grandi.
1676 717 1880 795 aliquo
1907 715 2163 777 facinore
2191 717 2474 779 clarifica*

272 820 360 869 ret.
440 810 537 869 An
568 811 709 890 quid
740 811 880 871 mali
910 810 1221 891 ⁷“potuerit
1246 813 1515 873 accidere
1544 813 1592 873 si
1624 815 1846 875 viveret
1866 834 1986 874 non
2014 814 2260 875 invenio.
2345 818 2469 877 Ga-

262 907 351 983 jus
374 907 532 968 enim
559 911 759 972 Caesar
790 919 851 970 ut
878 920 1002 972 erat
1028 910 1304 985 clemens,
1350 911 1501 971 nihil
1535 910 1694 971 aliud
1738 910 1970 973 efficere
1999 913 2251 984 volebat,
2294 912 2470 974 etiam

271 1008 365 1066 ”et
389 1006 507 1085 ipsi
534 1006 673 1069 belli
699 1007 882 1069 civilis
908 1009 1138 1081 ardore,
1163 1031 1336 1090 quam
1368 1020 1433 1070 ut
1462 1011 1611 1070 bene
1644 1009 1848 1071 mereri
1875 1010 1950 1070 de
1977 1009 2281 1089 republica
2310 1010 2472 1071 vide-

267 1112 445 1178 retur„
479 1103 721 1167 duobus
770 1107 1003 1184 optimis
1046 1108 1274 1168 civibus
1317 1107 1606 1168 Cicerone
1647 1117 1706 1167 et
1747 1108 1974 1167 Catone
2025 1107 2295 1168 servatis:
2339 1107 2470 1168 haec

265 1201 363 1263 ine.
447 1202 532 1262 Et
558 1212 718 1263 certe
748 1203 958 1265 horum
988 1204 1153 1264 alteri
1183 1204 1663 1265 clementissimus
1708 1205 1909 1264 Caesar
1957 1204 2091 1277 fuit,
2137 1204 2299 1264 alteri
2352 1206 2474 1265 cle·

266 1318 415 1359 mens
443 1319 582 1359 esse
610 1319 729 1359 non
758 1301 971 1378 potuit,
1005 1300 1141 1380 quia
1170 1320 1303 1361 eum
1332 1322 1447 1361 non
1476 1302 1716 1364 invenit.
1753 1381 1760 1389 ⁸
1803 1304 2047 1364 Constat
2075 1311 2273 1362 autem
2304 1299 2468 1381 quod

261 1396 453 1459 audito
485 1397 603 1457 hoc
632 1417 799 1456 casu:
845 1403 863 1431 ‘
888 1400 1082 1468 Cato,’
1115 1399 1331 1479 inquit,
1373 1399 1624 1461 ‘invidit
1651 1399 1855 1479 gloriae
1884 1419 2059 1479 rneae:
2103 1408 2162 1459 et
2193 1401 2360 1479 Ego:
2387 1399 2470 1459 in,

263 1496 398 1572 quit,
445 1501 614 1554 ‘suae
658 1495 929 1554 invideo!
1007 1496 1312 1558 Uticenses
1359 1509 1577 1569 autent,
1627 1498 1736 1559 etsi
1785 1517 1916 1557 eum
1967 1495 2166 1558 studio
2213 1496 2471 1576 partium

259 1592 530 1664 odissent,
563 1603 806 1672 propter
833 1592 1219 1671 integritatem
1249 1604 1439 1657 tamen
1470 1606 1530 1654 et
1558 1593 2083 1657 dissimilitudinem
2124 1604 2470 1654 caeterorum

259 1687 499 1759 ducum,
530 1698 591 1749 et
619 1688 781 1769 quod
812 1688 1017 1751 urbem
1044 1710 1243 1753 eorum
1280 1691 1559 1769 operibus
1589 1691 1842 1770 publicis
1867 1690 2269 1763 adornaverat,
2300 1692 2473 1753 mise·

258 1784 359 1849 rati
384 1785 615 1849 exitum
646 1785 750 1847 viri
793 1788 1169 1865 sepulchrum
1212 1786 1429 1851 ⁷⁶illum
1467 1797 1816 1850 statuerunt.
1905 1790 2129 1848 Catone
2156 1787 2332 1848 rebus
2362 1788 2472 1848 hu?

258 1883 440 1945 manis
490 1895 786 1963 exempto,
844 1886 911 1945 L.
956 1887 1154 1945 Caesar
1198 1907 1272 1945 ex
1322 1886 1433 1949 hoc
1484 1886 1639 1947 malo
1688 1887 1906 1947 bonum
1952 1885 2105 1945 aliud
2154 1885 2473 1964 decerpere

258 1981 545 2059 cogitans,
577 1983 864 2060 populum
914 1981 987 2041 ad
1038 1982 1383 2043 concionem
1432 1993 1641 2044 vocata.
1680 1985 1945 2044 hortatur
1989 1992 2053 2043 ut
2096 1984 2473 2049 contentione

254 2078 525 2157 deposita
552 2089 739 2161 portae
770 2080 1037 2139 Romano
1064 2078 1403 2157 pandantur
1429 2079 1793 2159 imperatori:
1838 2100 1899 2142 se
1927 2078 2002 2139 de
2030 2078 2185 2139 illius
2216 2080 2471 2140 clemen-

254 2174 330 2237 tia
356 2176 683 2255 plurimum
712 2174 1004 2238 confidere
1051 2197 1124 2236 ac
1168 2196 1419 2255 sperare.
1502 2179 1642 2239 Non
1691 2178 1806 2238 suit
1848 2179 2115 2256 ⁷⁷longus
2142 2197 2296 2257 opus
2325 2187 2473 2238 trac·-

257 2284 425 2335 tatuz
467 2273 545 2333 ad
574 2271 829 2352 idipsum
859 2276 1029 2354 proni
1072 2285 1235 2334 erant
1266 2276 1470 2337 animi.
1514 2277 1701 2356 portis
1727 2275 1947 2355 apertis
1976 2276 2193 2336 Caesari
2235 2274 2473 2339 obviam

253 2371 528 2452 ⁷⁸pergit.
612 2371 849 2433 Interim
880 2371 1180 2459 Messalla,
1225 2373 1321 2433 cui
1352 2373 1469 2434 hoc
1498 2373 1830 2452 injunctum
1861 2373 2042 2432 fuisse
2071 2371 2472 2450 praediximus,

250 2469 499 2533 Uticam
553 2470 715 2529 venit
773 2479 834 2530 et
887 2450 1141 2551 pacifice
1208 2482 1534 2551 susceptus,
1590 2491 1796 2532 omnes
1861 2479 2060 2550 portas
2125 2469 2472 2530 custodibus

247 2577 542 2650 occupat.
666 2569 894 2631 Interea
964 2570 1163 2630 Caesar
1230 2571 1434 2649 Tapso
1512 2569 1808 2648 digressus
1885 2568 2126 2629 Uticam
2206 2566 2469 2645 petebat,

248 2668 431 2749 '’que
500 2666 698 2729 medio
768 2667 959 2727 urbes.
1007 2667 1211 2729 itinere
1279 2666 1483 2726 obvias
1555 2667 1677 2727 siue
1748 2666 1952 2746 proelio
2013 2675 2278 2743 occupat
2332 2664 2474 2724 ⁸⁰Ut

247 2774 470 2830 zuram.
520 2763 1025 2837 Hadromentum,‚
1078 2785 1464 2845 magnamque
1525 2765 1583 2824 in
1645 2764 1726 2825 eis
1787 2763 1901 2823 vim
1959 2761 2235 2823 frumenti
2292 2772 2472 2840 atque

245 2881 569 2926 armorum.
673 2860 869 2923 Uticae
924 2861 1342 2941 propinquanti
1408 2863 1476 2923 L.
1536 2863 1731 2926 Caesar
1786 2859 2080 2932 occurrit„
2138 2859 2471 2940 raptimque

245 2962 327 3024 ad
362 2978 557 3040 genua
602 2958 964 3039 provolutus,
1012 2960 1187 3039 [243]
1222 2960 1304 3020 nil
1331 2958 1487 3021 aliud
1519 2960 1687 3039 petiit
1715 2979 1894 3040 quam
1923 2959 2134 3018 vitant:
2181 2958 2334 3020 hanc
2361 2956 2474 3022 sihi

246 3060 457 3146 Cesar
482 3068 541 3118 et
569 3056 813 3120 Catonis
840 3056 977 3117 filiis
1008 3057 1111 3137 qui
1136 3078 1333 3119 secum
1361 3067 1528 3119 erant
1565 3060 1810 3137 aliisque
1853 3058 2172 3120 comitibus
2221 3058 2472 3122 clemen,

245 3156 474 3224 tissime
501 3155 816 3216 concessit:
860 3164 923 3215 et
962 3155 1089 3234 ⁸iam
1137 3156 1271 3214 luce
1319 3156 1593 3233 ambigua
1627 3155 2071 3226 Uticamvenit,
2100 3165 2279 3234 atque
2309 3165 2475 3218 extra

249 3253 507 3334 opidum
537 3260 771 3314 noctem
810 3252 955 3331 egit:
1001 3271 1168 3311 mane
1198 3262 1398 3330 portas
1424 3253 1735 3330 ingressus,
1765 3252 2105 3314 convocatis
2134 3252 2366 3314 civibus
2394 3251 2472 3312 de

249 3351 559 3431 praeterito
586 3349 798 3430 gratias
827 3348 945 3427 egit
974 3348 1049 3407 ad
1097 3351 1581 3426 perseverantiam
1612 3349 1985 3412 “coar-tatus.
2073 3349 2254 3408 Erant
2277 3333 2474 3409 Utioae

252 3465 405 3512 ccc.
435 3447 547 3526 viri
585 3445 875 3517 ditissimi,
907 3465 1116 3525 magna
1156 3467 1291 3525 pars
1322 3447 1575 3506 Romani
1604 3447 2014 3525 negotiatores,
2059 3444 2162 3523 qui
2207 3444 2473 3523 pecuniis

250 3545 376 3606 suis
419 3544 588 3606 enixe
634 3542 954 3606 admodum
1002 3542 1221 3603 bellum
1266 3542 1560 3619 juverant,
1604 3553 1666 3603 et
1714 3542 1982 3603 faverant
2024 3541 2334 3621 Scipionit.
2362 3542 2470 3606 hos

252 3644 456 3705 emar
480 3639 688 3701 oderat
713 3639 1085 3699 vehementer
1114 3660 1223 3700 nec
1263 3638 1569 3711 immerito,
1598 3641 1856 3704 animose
1885 3639 2038 3700 enim
2087 3659 2149 3702 se
2194 3638 2473 3706 adversus

249 3760 390 3804 eum
419 3749 745 3818 gesserant=
789 3735 891 3797 sed
919 3736 1048 3816 ejus
1074 3736 1281 3800 odium
1311 3757 1541 3823 semper
1569 3737 1718 3800 citra
1746 3736 2030 3796 saevitiam
2059 3735 2332 3797 sistebat:
2362 3737 2471 3798 hos

247 3850 517 3907 extrema
545 3837 718 3917 igitur
746 3835 1035 3915 supplicia
1063 3845 1388 3898 metuentes
1419 3856 1556 3896 cum
1585 3836 1664 3896 ad
1698 3857 1757 3895 se
1797 3833 2042 3896 adducti
2069 3846 2476 3906 essent,ace1:·

245 3941 412 4002 rimis
446 3935 642 4000 verbis
668 3934 981 4026 increpuit
1026 3934 1217 4011 deque
1263 3952 1463 3993 eorum
1503 3930 1734 4012 flagitiis
1775 3931 2010 4011 longum
2042 3930 2226 3990 texuit
2256 3948 2476 3990 sermo·

248 4057 417 4100 nem:
462 4056 717 4116 cumque
743 4035 820 4096 ab
848 4029 1122 4108 ominbus
1152 4030 1580 4109 ”superaretur
1603 4039 1666 4089 ut
1702 4030 2024 4089 orationem
2053 4035 2172 4086 tam
2195 4024 2468 4083 infestam

318 4231 383 4278 74
415 4225 595 4286 Adde,
636 4224 852 4274 itta—⁷5
888 4224 1063 4287 Forte,
1104 4224 1156 4271 in
1197 4219 1471 4284 ἐμω-Μ·
1493 4215 1675 4278 Forte,
1716 4213 1944 4262 illia-7⁷
1979 4211 2141 4273 Lege,
2179 4208 2470 4269 longa—ra

248 4307 805 4374 Lege,pngim.-79
837 4307 998 4371 Lege,
1019 4311 1160 4369 atque
1178 4303 1333 4354 medio
1352 4300 1673 4349 itinera—80
1708 4296 1870 4358 Lege,
1905 4292 2112 4355 Unitum,
2145 4289 2470 4343 dirmetum..

250 4393 377 4441 -81
416 4390 582 4455 Lege,
602 4387 1025 4444 cohortatam-82
1053 4389 1215 4452 Lege,
1228 4386 1575 4452 amputaretur,
1592 4385 1686 4431 aut
1699 4378 1982 4444 spem.
