3017 4925
515 405 696 475 2046
1183 416 1576 470 nsscnnsus
1625 417 2054 469 ssmrronnu

524 581 674 647 1471
723 574 945 635 Veneta
976 588 1024 632 1.
1053 570 1158 632 fol.
1187 591 1286 652 ap.
1315 570 1449 632 Nic.
1480 569 1931 631 Ienson.-Vid.
1961 570 2231 631 Clement
2255 568 2413 632 Bibl.
2440 567 2717 644 curicuse,

598 678 717 735 dcc.
744 673 823 732 Τ.
855 687 952 731 v1.
981 690 1044 749 p.
1081 678 1174 731 18.
1222 671 1441 728 Panzer
1467 671 1544 728 Τ.
1584 685 1694 727 111.
1726 688 1787 746 p.
1820 667 1919 739 76.

524 779 682 841 1472
724 771 987 831 Romana
1019 784 1096 828 11.
1147 767 1252 827 sol.
1301 769 1426 824 sine
1455 767 1547 824 tit.
1597 785 1769 842 pagg.
1819 772 1971 824 cust.
2013 773 2071 823 et
2120 763 2272 843 sign.
2316 764 2566 845 Incipit:
2613 764 2723 824 ⁸0.

600 868 745 931 Julii
799 866 1067 928 Caesaris.
1123 864 1260 923 balli
1319 863 1526 927 gallici.
1613 861 2081 922 Commentarius
2137 861 2405 921 Primus!
2484 862 2557 920 ln
2611 859 2727 920 fine

602 967 832 1028 Comm.
878 965 951 1023 de
999 963 1154 1023 bello
1195 962 1365 1041 Hiep.
1413 962 1543 1021 haec
1573 960 1946 1020 ascribuntur
1992 958 2198 1020 verba:
2248 962 2461 1019 ‘Anno
2490 958 2730 1019 Christi.

600 1080 682 1124 Μ.
714 1078 1112 1143 ccccmtxtl.
1143 1061 1240 1120 die
1271 1080 1428 1120 uer0.
1458 1077 1629 1120 xxv.
1661 1059 1866 1118 mensis
1905 1057 2156 1137 augusti.
2241 1057 2428 1116 Rome
2460 1056 2522 1116 in
2551 1055 2730 1116 domo

598 1158 861 1221 Petri-de
891 1158 1205 1218 Maximis!
1285 1157 1573 1216 Ultimum
1624 1155 1828 1215 folium
1881 1156 2063 1214 habet
2112 1152 2435 1232 Epistolam
2484 1152 2584 1214 Jo.
2615 1156 2734 1213 An·

600 1256 758 1318 dreae
813 1255 1018 1334 Episc.
1070 1256 1230 1314 Aler.
1279 1274 1418 1314 cum
1467 1253 1732 1313 Elencho
1780 1253 2015 1312 Comm.
2066 1252 2314 1311 Caesaris
2358 1261 2417 1310 et
2465 1251 2733 1331 registro.

602 1356 774 1415 Hanc
801 1353 1118 1413 editionem
1167 1348 1448 1431 principis
1484 1371 1612 1411 esse
1640 1350 2027 1422 imitatricem,
2057 1348 2139 1408 ait
2166 1347 2582 1418 Audiffredus;
2627 1347 2738 1408 dif-

603 1451 753 1511 ferre
782 1450 884 1510 bas
911 1449 1060 1509 inter
1088 1469 1165 1520 se,
1204 1448 1443 1527 judicat
1470 1445 1723 1518 Quirini.
1765 1448 2132 1507 Memoratur
2158 1447 2419 1506 Panzero
2444 1446 2524 1506 Τ.
2560 1460 2643 1505 11.
2672 1465 2733 1524 p.

602 1557 745 1611 430.

527 1653 682 1715 1473
727 1643 1259 1724 Argentoratensis.
1291 1643 1395 1704 fol.
1426 1642 1544 1703 sine
1569 1632 1710 1702 loco
1736 1649 1796 1701 et
1826 1640 2200 1721 typographo
2231 1639 2470 1719 quidem
2499 1647 2567 1700 at
2594 1639 2743 1700 cha·

601 1751 754 1804 ract.
799 1740 1021 1819 gothic.
1077 1740 1287 1799 minor.
1359 1741 1546 1799 Henr.
1597 1738 1952 1817 Eggenstein
2007 1736 2380 1813 Argentorati
2432 1756 2737 1818 expressa.

602 1839 852 1901 Constat
880 1836 1030 1899 foliis
1065 1845 1234 1907 153.;
1278 1855 1532 1915 quorum
1574 1836 1767 1914 priora
1796 1845 1894 1898 82.
1977 1835 2117 1894 Julii
2146 1834 2299 1894 Celsi
2330 1834 2509 1894 vitam
2539 1834 2743 1895 Caesa·

600 1934 707 2005 ris;
744 1935 969 2014 reliqua
999 1934 1462 1995 Commentarios
1490 1934 1567 1993 de
1597 1933 1752 1993 bello
1789 1931 2031 1993 Gallico
2060 1932 2374 1992 continent.
2392 1916 2413 1935 ⁰
2443 1932 2516 1990 In
2544 1931 2741 1992 media

603 2030 725 2092 fere
772 2020 892 2091 vita
939 2030 1212 2103 Caesaris,
1261 2031 1367 2091 fol.
1397 2038 1478 2102 49
1528 2039 1716 2103 recto,
1764 2032 1896 2091 baec
1942 2039 2262 2090 occurrunt
2308 2028 2528 2089 verbat
2570 2036 2591 2063 ‘
2618 2029 2735 2090 Hic

600 2126 811 2205 incipit
837 2137 1082 2188 octavus
1112 2127 1665 2189 commentariorum
1712 2127 1859 2187 liber
1909 2147 2083 2207 quem
2124 2126 2266 2187 fecit
2312 2124 2482 2186 iulius
2509 2126 2736 2188 celsus:

602 2234 823 2303 septem
852 2236 1050 2285 autem
1080 2226 1294 2303 primos
1339 2233 1400 2285 et
1447 2246 1628 2304 usque
1655 2225 1731 2285 ad
1763 2226 1922 2285 hunc
1951 2244 2184 2305 passum
2213 2222 2353 2283 fecit
2394 2224 2522 2305 ipse
2548 2244 2739 2298 cesar,

605 2321 874 2402 quamvis
902 2322 998 2383 hic
1025 2331 1234 2383 auctor
1277 2322 1498 2401 aliquot
1539 2323 1596 2381 in
1628 2322 1775 2384 locis
1804 2320 2156 2383 contradicit
2180 2329 2241 2382 et
2285 2321 2437 2381 male
2464 2321 2739 2384 cicerone

603 2426 751 2481 teste
772 2428 834 2481 et
855 2418 988 2501 ipso
1009 2419 1167 2481 celso
1191 2420 1250 2480 in
1273 2419 1521 2500 prologo
1546 2422 1826 2490 suo,’&c.
1848 2418 1954 2497 (cf.
1981 2438 2157 2499 supra
2178 2438 2240 2499 p.
2266 2421 2475 2496 2042.)
2514 2419 2589 2481 In
2610 2419 2741 2500 ipso

602 2515 723 2579 fine
750 2518 1012 2598 ejusdem
1059 2517 1298 2598 legitur:
1371 2525 1387 2550 ⁶
1409 2517 1667 2596 Explicit
1690 2516 1885 2578 Liber.
1927 2518 2057 2577 Deo
2095 2516 2360 2590 Gratias,
2397 2522 2518 2579 dcc.
2562 2521 2739 2582 Anno

603 2614 746 2677 Dni.
776 2631 857 2676 u.
890 2631 1076 2678 cccc.
1105 2631 1274 2676 Lxx.
1301 2613 1559 2674 Tercio!
1625 2614 1961 2693 Sequuntur
1979 2615 2109 2692 jam
2137 2625 2361 2695 septem
2390 2615 2450 2675 J.
2482 2616 2735 2676 Caesaris

603 2714 1146 2774 commentariorum
1179 2713 1255 2774 de
1284 2713 1443 2790 bello
1496 2712 1732 2773 Gallico
1778 2712 1919 2773 libri
1964 2713 2187 2791 absque
2231 2712 2424 2784 titulo,
2454 2732 2596 2774 cum
2625 2713 2738 2774 hac

602 2808 1072 2890 subscripti-one:
1113 2818 1134 2844 ⁴
1159 2811 1631 2890 suprascriptos.
1662 2826 1789 2871 vn.
1833 2809 2016 2870 libros
2046 2809 2123 2868 de
2153 2810 2309 2870 bello
2336 2809 2553 2888 gallico
2579 2830 2739 2876 com·

602 2903 801 2984 pos'uit
829 2907 950 2985 ipse
975 2926 1160 2966 cesar.
1222 2907 1579 2985 sequentem
1608 2915 1829 2968 autem.
1889 2907 2072 2966 Iulius
2105 2907 2298 2968 celsus
2327 2911 2546 2968 cesaris
2573 2907 2739 2970 sami-

603 3002 802 3063 liaris!
885 3003 981 3063 Ad
1029 3004 1256 3064 calcem
1304 3004 1439 3064 libri
1485 3004 1684 3064 octavi
1727 3004 1857 3065 haec
1899 3003 2133 3078 adjecta
2160 3013 2248 3064 est
2273 3003 2562 3065 formula:
2608 3005 2739 3067 ‘Fi-

603 3098 769 3159 niunt
795 3097 1048 3160 feliciter
1057 3121 1075 3170 3
1105 3099 1239 3160 libri
1259 3100 1812 3162 commentariorum
1836 3100 1963 3161 Iulii
1988 3101 2202 3160 cesaris
2225 3100 2302 3160 de
2323 3100 2479 3160 bello
2501 3101 2735 3179 gallico.

604 3200 882 3258 Lxxnlss
965 3200 1033 3259 In
1065 3199 1267 3258 ultima
1309 3197 1543 3258 tandem
1573 3198 1882 3259 voluminis
1909 3202 2119 3278 pagina
2144 3199 2397 3260 habetur
2441 3207 2456 3233 ‘
2477 3199 2736 3271 Tabula,

602 3295 729 3356 siue
755 3295 1080 3376 registrum,
1130 3297 1414 3357 librorum
1457 3296 2013 3357 commentariorum
2041 3297 2175 3358 Iulii
2203 3296 2442 3370 cesaris„
2471 3296 2552 3358 de
2577 3297 2737 3358 bello

599 3389 837 3473 gallico,
865 3395 1165 3456 continens
1212 3396 1272 3455 in
1319 3394 1574 3475 generali
1620 3414 1693 3454 ea
1718 3414 1853 3472 quae
1882 3394 1940 3455 in
1971 3395 2373 3473 superioribus
2399 3394 2737 3475 singulatim

599 3491 814 3551 tradita
858 3493 1365 3556 sunt.'-Uberius
1414 3494 1564 3554 hanc
1610 3492 1709 3554 ed.
1756 3491 2072 3572 descripsit
2118 3495 2424 3555 Crevenna
2465 3492 2551 3553 T.
2582 3507 2651 3554 v.
2676 3511 2735 3572 p.

612 3594 747 3650 150.
795 3610 926 3669 sqq.
976 3591 1077 3650 ubi
1123 3601 1322 3651 tamen
1366 3590 1516 3651 male
1546 3590 1920 3670 typographo
1950 3589 2286 3650 Coloniensi
2334 3588 2607 3651 Amoldo
2650 3597 2737 3651 ter

603 3683 845 3746 Hornen
865 3688 1232 3749 attribuitur.
1276 3688 1370 3750 Cf.
1401 3689 1686 3750 Maittair.
1717 3709 1780 3769 p.
1809 3686 1953 3750 ³26.
1995 3689 2177 3749 Panz.
2204 3688 2283 3748 T.
2317 3704 2365 3748 1.
2394 3707 2461 3766 p.
2495 3694 2594 3748 18.

524 3778 681 3846 1476
723 3782 989 3844 Romana
1035 3801 1146 3846 111.
1215 3785 1786 3848 Commentariorum
1840 3784 1917 3846 de
1972 3786 2133 3846 bello
2188 3785 2448 3846 Gallico.
2526 3785 2733 3845 Rome

603 3892 1076 3942 mccccnxxvr.
1123 3881 1410 3944 ἔοι-δίο
1465 3882 1708 3962 quidem
1759 3882 2049 3944 Mainair.
2103 3901 2167 3962 p.
2198 3882 2340 3945 361.
2395 3893 2457 3944 et
2511 3883 2734 3944 Pamer

600 3974 679 4034 T.
705 3990 785 4035 11.
815 3995 875 4054 p.
905 3976 1048 4048 467.
1131 3983 1213 4040 At
1237 3980 1416 4042 etiam
1443 3982 1689 4060 reliqua,
1719 3972 1856 4061 'qun
1899 3983 2013 4044 sub
2057 3982 2306 4043 Caesaris
2352 3979 2592 4042 nomine
2627 3979 2732 4040 cir·

601 4071 1024 4148 cumferuntur‚
1053 4075 1242 4136 inesse
1267 4078 1323 4136 in
1355 4078 1467 4138 hac
1496 4077 1644 4138 edit.
1673 4078 2003 4139 verosimile
2031 4079 2283 4140 videtur.

525 4177 681 4240 1477
725 4170 1188 4236 mediolanensis
1214 4189 1263 4234 1.
1306 4174 1411 4236 fol.
1459 4177 1534 4240 C.
1575 4176 1719 4239 Julii
1760 4177 2006 4238 Caesaris
2036 4175 2492 4237 commentaria.
2578 4176 2732 4236 Prae-

601 4265 776 4328 missa
800 4275 891 4330 cst
918 4268 1178 4350 Epistola
1204 4270 1365 4333 Petri
1390 4273 1423 4334 J
1430 4272 1603 4342 ustini
1622 4273 1913 4355 Pbilelpbi
1932 4274 2008 4334 ad
2030 4275 2065 4335 J
2071 4291 2320 4335 oannem
2342 4273 2725 4337 Simoneum
