3017 4925
909 434 1004 483 ua
1052 431 1233 483 vrrs
1278 433 1484 484 sucu
1542 429 1898 485 cassum
2331 415 2511 488 1731

292 595 402 647 tum
438 606 580 667 ergo
626 595 852 660 morte,
887 586 1174 698 populum
1214 587 1515 659 servitute,
1544 579 1676 666 [60]
1705 605 1885 665 poena
1920 585 2092 647 bonis
2124 587 2342 648 smmis
2372 609 2507 669 gra·

288 685 453 756 viore,
480 684 811 745 multavit:
857 684 938 745 sic
965 704 1102 744 cum
1129 684 1371 745 Venetis
1398 685 1797 745 debellatum:
1842 703 1960 764 qua
1985 684 2233 745 victoria
2250 706 2365 746 non
2394 687 2507 766 ipsi

288 782 697 842 tanmmmodo
727 781 982 853 subacti,
1006 778 1112 841 sed
1143 783 1431 842 maritima
1455 802 1561 842 ora
1588 783 1774 842 omnis
1794 782 1869 842 ad
1893 783 2248 863 obsequium
2267 783 2512 846 reducta

290 890 421 939 emt.
502 882 677 941 Ecce
707 889 911 940 autem
938 879 1052 940 alia
1078 899 1151 939 ex
1168 880 1296 940 aliis
1318 880 1475 940 bella
1501 889 1885 959 consurgunt.
1963 880 2229 941 Titurius
2258 881 2507 943 Sabinus

284 977 448 1055 jussu
486 977 749 1037 Caesaris
776 977 1116 1038 Unellorum
1164 975 1308 1037 fines
1353 977 1677 1048 introierat,
1722 977 1880 1055 apud
1909 997 2060 1057 quos
2087 988 2229 1038 tuuc
2265 997 2508 1040 summm

293 1093 478 1134 rerum
506 1073 909 1135 ”Viridonim
990 1075 1203 1136 Multas
1243 1074 1305 1135 iu
1333 1074 1589 1135 circuitu
1618 1075 1951 1136 civitates-a
1979 1076 2258 1136 Romanis
2286 1076 2514 1138 defece·

292 1180 437 1244 rant,
485 1191 742 1251 quarum
770 1172 986 1251 aliqum
1013 1182 1276 1232 senatum
1325 1171 1488 1251 quod
1532 1193 1721 1253 neque
1770 1172 2078 1233 ³³defectio
2118 1193 2309 1252 neque
2355 1175 2512 1236 bello

292 1271 770 1343 consentiebant,
796 1270 1242 1330 interfecerant:
1287 1271 1584 1330 latronum
1613 1289 1853 1350 quoque
1895 1289 2101 1331 manus
2126 1271 2350 1352 ingens,
2381 1292 2516 1352 par-

292 1370 389 1430 tim
416 1369 605 1441 hello,
639 1369 859 1448 partim
882 1368 1091 1448 proeda
1114 1367 1411 1439 illiciente,
1442 1368 1688 1428 dimisso
1735 1367 2108 1446 agriculturoe
2144 1369 2360 1440 studio,
2391 1390 2518 1431 sess

292 1466 414 1528 istis
442 1466 848 1547 adjunxerant
872 1487 889 1536 ς
931 1467 1146 1545 quibus
1173 1466 1445 1526 omnibus
1472 1485 1724 1545 magnus
1751 1465 2039 1525 exercitus
2059 1466 2192 1544 jam
2235 1466 2295 1525 in
2346 1468 2518 1534 armis

294 1574 439 1625 erat.
524 1563 787 1625 Sabinus
814 1563 1011 1623 locum
1042 1563 1249 1624 eastris
1277 1562 1647 1643 aptissimum
1675 1571 1903 1636 unctus,
1934 1562 2088 1623 iutra
2115 1563 2330 1623 vallum
2359 1583 2517 1638 suos,

297 1661 603 1723 lacessitus
630 1681 795 1741 saepe
822 1661 962 1724 lieet
987 1663 1068 1722 ab
1106 1661 1404 1734 hostibus,
1431 1662 1800 1732 continebat,
1834 1670 1898 1721 ut
1931 1660 2062 1737 jam
2110 1680 2227 1720 non
2257 1660 2522 1722 hostium

298 1760 479 1821 modo
526 1760 636 1820 sed
691 1779 929 1819 suorum
962 1759 1026 1820 in
1054 1769 1461 1839 contemptum
1490 1760 1773 1839 paulatim
1815 1757 2133 1820 incidisset.
2214 1759 2351 1838 Ipse
2381 1779 2518 1820 vero

300 1877 417 1917 non
466 1857 532 1917 id
578 1866 752 1916 motu
790 1856 911 1917 alio
950 1855 1227 1927 faciebat,
1270 1857 1381 1917 nisi
1432 1856 1597 1936 quod
1627 1857 1868 1916 absente
1911 1856 2148 1916 Caesare
2175 1866 2341 1916 tanta
2384 1876 2522 1917 cum

302 1952 680 2016 multitudine
697 1952 995 2032 cougmffi,
1010 1953 1278 2032 quisquis
1302 1954 1493 2014 exitus
1524 1964 1884 2032 sequeretur,
1904 1972 1978 2014 ne
2005 1954 2316 2014 temeritati
2343 1953 2526 2014 tribui

302 2060 506 2131 posset
552 2052 756 2130 potius
803 2069 980 2131 quam
1026 2051 1248 2124 virtuti,
1275 2051 1478 2111 anxius
1524 2069 1959 2130 suspensusque
2006 2060 2131 2111 erat
2173 2051 2391 2111 antimo:
2420 2050 2527 2111 uhi

309 2166 370 2207 se
398 2148 595 2226 sperni
622 2157 818 2208 autem
848 2146 1149 2219 intellexit,
1179 2166 1441 2227 pugnare
1469 2147 1730 2220 tandem,
1761 2147 1865 2207 sed
1911 2148 2177 2227 inprimis
2224 2158 2529 2227 coutempe

312 2254 431 2303 tum
488 2244 906 2321 hujuscemodi
962 2253 1251 2322 quantum
1308 2258 1507 2322 posset
1561 2265 1876 2324 aggregare
1910 2245 2227 2325 disposuit.
2314 2247 2525 2324 ltaque

310 2342 551 2404 Gallum
582 2340 878 2421 quendam
910 2340 1023 2400 sibi
1050 2340 1416 2412 familiarem,
1456 2352 1876 2426 versutumque
1905 2343 2201 2403 hominem
2243 2352 2425 2403 noctu
2465 2342 2524 2403 in

315 2452 505 2501 castra
525 2438 885 2519 transfugere
904 2438 1114 2518 jubet:
1144 2451 1206 2501 et
1230 2440 1394 2520 quod
1421 2439 1716 2501 fieri‘velit
1745 2440 1988 2501 edocet}
2013 2452 2180 2520 paret
2196 2441 2314 2513 ille,
2337 2452 2397 2502 et
2414 2440 2529 2502 ori·

317 2538 443 2617 gine
469 2537 651 2598 dictis
674 2537 1037 2617 astipulante
1062 2537 1244 2599 fidem
1280 2540 1542 2609 meritus,
1571 2539 1746 2616 coepit
1773 2538 2040 2598 hostibus
2060 2538 2304 2598 suadere
2324 2548 2383 2598 et
2402 2538 2527 2597 ani-

318 2635 422 2695 mis
452 2634 763 2696 ³⁴crudelis
789 2635 962 2695 facile
991 2635 1300 2715 persuasit.
1362 2635 1561 2695 Primo
1583 2634 1821 2713 quidem
1846 2636 2203 2693 Venetorum
2240 2634 2296 2692 in
2320 2632 2533 2694 finibus

318 2733 607 2794 Cmrem
628 2732 903 2792 extremis
928 2732 1201 2811 periculis
1228 2732 1716 2792 circumventum.
1763 2729 1990 2790 Deinde
2016 2731 2073 2790 in
2105 2731 2381 2791 Romanis
2408 2751 2539 2791 cas·-

320 2830 451 2901 tn‘s3
497 2830 638 2891 binc
656 2830 815 2890 fama
830 2830 1033 2900 ducis3
1077 2829 1216 2890 hinc
1252 2831 1507 2891 bostium
1531 2829 1846 2909 praesentia
1871 2839 2102 2889 tantum
2129 2849 2255 2890 esse
2280 2828 2540 2889 formidi-

320 2926 429 2998 εἰς,
452 2935 525 2986 ut
544 2926 623 2986 de
649 2936 939 2987 nocturna
969 2927 1190 3005 agitent
1218 2925 1390 3005 fuga:
1432 2946 1553 3005 qua
1591 2936 1656 2987 et
1677 2927 1968 2987 Caesarem
1996 2927 2234 2998 adeant,
2275 2927 2539 3006 ducique

322 3042 497 3103 opem
539 3023 749 3095 ferunt,
774 3035 838 3083 et
883 3024 1233 3085 instantibus
1274 3044 1403 3084 sese
1442 3024 1608 3085 malis
1647 3025 1916 3105 eripiant.
2001 3024 2070 3085 Id
2117 3044 2254 3084 cum
2300 3024 2538 3104 publice

320 3120 614 3181 eoeditum
646 3131 824 3193 esset,
851 3132 946 3180 est
994 3121 1213 3181 etenim
1258 3140 1377 3181 non
1407 3123 1571 3181 vanis
1610 3122 1808 3195 modo,
1836 3123 1937 3183 sed
1981 3124 2254 3209 omnibus
2282 3123 2539 3194 insitum,

322 3227 394 3278 *ut
419 3217 585 3297 quod
613 3217 788 3277 valde
830 3218 1119 3297 cupiuntg
1162 3218 1337 3279 facile
1383 3221 1559 3280 efiam
1599 3221 1865 3293 credant,
1910 3221 2047 3280 totis
2091 3220 2311 3300 passim
2339 3218 2544 3280 castris

326 3332 445 3375 nm
467 3315 733 3375 omnium
762 3335 879 3374 vox
909 3315 1123 3385 audiri,
1151 3314 1287 3395 [61]
1307 3316 1734 3395 providendum
1761 3317 1953 3377 modis
1980 3317 2276 3387 omnibus,
2317 3336 2392 3376 ne
2421 3326 2542 3376 tam

328 3411 467 3473 felix
514 3412 759 3472 occasio
800 3433 909 3492 per
962 3413 1251 3490 ignaviam
1306 3412 1621 3475 dilabatur.
1730 3415 2036 3474 Exercitus
2092 3413 2368 3475 instantia
2401 3410 2548 3471 victi

330 3508 534 3581 duces,
564 3508 753 3569 furori
793 3509 1042 3588 publico
1084 3529 1294 3570 manus
1334 3511 1514 3572 dant:
1558 3513 1907 3573 discurritur
1949 3512 2063 3571 hac
2103 3511 2257 3580 illac,
2313 3520 2375 3568 et
2399 3528 2544 3569 con·

328 3624 504 3666 sensu
549 3607 775 3666 ducum
817 3607 1147 3678 sarmentis,
1178 3606 1452 3687 variaque
1494 3609 1737 3668 materia
1764 3629 1836 3668 ex
1883 3608 2036 3686 agris
2058 3608 2304 3669 collecta
2331 3606 2410 3667 ad
2440 3606 2546 3666 im·-

336 3702 589 3781 plendas
618 3704 830 3776 fossas,
859 3705 1003 3764 etin
1052 3714 1246 3764 castra
1294 3706 1727 3783 penetrandum
1753 3705 2063 3778 onusti,·et
2102 3725 2277 3765 cursu
2319 3716 2382 3766 et
2428 3724 2549 3765 sar·-

332 3799 481 3860 chis
502 3799 717 3861 defessi
744 3820 949 3860 omues
990 3801 1305 3862 redeuntes
1332 3823 1505 3882 grave
1533 3822 1689 3882 opus
1717 3821 2015 3881 supraque
2044 3820 2178 3862 suas
2202 3803 2371 3874 vires,
2423 3802 2547 3861 Ro·-

332 3916 505 3958 mana
545 3907 738 3958 castra
779 3897 852 3957 ad
905 3899 1119 3959 luboris
1144 3901 1450 3960 cumulum
1497 3899 1558 3961 iu
1605 3903 1727 3961 alto
1767 3901 1980 3979 posita,
2022 3899 2339 3960 invadunt:
2384 3897 2543 3957 haud

336 3992 524 4067 dubii,
554 3996 859 4056 Romanos
886 4006 1104 4074 praeter
1122 3996 1321 4076 fugam
1332 4006 1438 4057 aut
1465 3997 1834 4059 deditionem
1861 3998 2003 4058 nihil
2023 4016 2309 4057 ausuros:
2340 3993 2550 4055 fefellit

336 4101 569 4170 gentem
597 4092 954 4152 ³⁸erudelam
999 4113 1116 4154 uua
1157 4114 1329 4174 spes·
1372 4114 1508 4156 nam
1551 4097 1806 4156 Sabinus
1863 4096 1982 4157 suis
2026 4094 2306 4199 militibus
2353 4090 2551 4152 valida

394 4252 459 4299 82
503 4248 681 4300 Deest
716 4252 937 4311 prem.
1005 4248 1149 4300 Delu
1188 4251 1306 4316 lege
1345 4251 1741 4305 '‘tridecim—8⁸
1776 4254 1939 4318 Lege,
1971 4247 2243 4312 defectioni.
2245 4250 2374 4300 -u
2393 4248 2559 4314 Lege,

330 4330 548 4383 affl.
546 4332 682 4381 ——35
716 4328 878 4396 Lege,
889 4332 1123 4382 wedam
1141 4346 1281 4384 ma.
