3017 4925
1020 393 1118 444 nu
1162 394 1226 442 c.
1273 390 1495 444 sunto
1542 390 1871 444 cassan.
2362 378 2538 450 2⁰3⁷

330 539 506 605 Unde
529 539 757 604 Hirtius
796 558 952 604 vul.
981 551 1085 605 48.
1106 548 1126 576 ‘
1153 544 1291 605 Scio
1318 544 1610 604 Caesarem
1639 542 1996 623 singulorum
2022 564 2308 608 annorum
2332 538 2533 630 singu-

327 639 412 700 los
435 640 889 703 commentarios
907 639 1133 711 fecisse,
1163 638 1326 720 quod
1354 654 1465 717 ego
1490 659 1612 700 nou
1646 640 1968 702 existimavi
1994 643 2136 703 mibi
2152 664 2279 705 esse
2306 645 2527 708 facien·

312 736 518 800 dum!
595 740 816 799 Graece
840 738 1133 799 transtulit
1173 738 1473 798 Maximus
1503 738 1823 810 Planudes,
1852 739 1974 800 sive
2000 740 2130 820 quis
2158 742 2305 803 alius
2328 764 2347 813 3
2391 734 2476 823 qu

333 836 522 895 versio
565 836 820 915 primum
864 835 1024 897 edita
1067 843 1157 896 est
1192 856 1248 897 a:
1279 833 1455 898 1606.
1484 857 1558 896 ex
1587 836 1795 897 codice
1821 838 1990 898 Pauli
2018 839 2239 900 Petavii
2265 859 2302 900 a
2325 841 2534 903 Godo·

327 928 496 992 fredo
522 931 979 1013 Juugermanno.
1063 935 1156 994 De
1183 953 1253 994 ea
1279 933 1521 995 illustris
1552 934 1804 995 Huetius
1839 934 1994 995 libro
2031 934 2106 995 de
2150 937 2323 999 claris
2355 938 2531 1000 inter-

331 1029 602 1107 pretibus
629 1042 694 1107 p.
728 1039 866 1101 219.
900 1039 918 1064 ‘
949 1029 1176 1089 Dubito
1205 1029 1503 1108 equidem,
1534 1032 1796 1093 Gazoene
1835 1050 1910 1091 an
1936 1033 2239 1107 Planudae‚
2263 1055 2336 1095 an
2360 1035 2533 1097 alteri

327 1125 595 1204 ejusdem
623 1127 734 1187 aevi
773 1126 1022 1206 cuipiam
1050 1128 1596 1188 commentariorum
1634 1129 1710 1187 de
1754 1127 1907 1188 bello
1933 1127 2170 1191 Gallico
2197 1133 2533 1194 conversio-

332 1242 468 1284 nem
498 1225 795 1297 Graecnm,
818 1244 954 1304 quae
979 1225 1039 1284 in
1058 1225 1377 1285 Petaviana
1405 1223 1560 1285 Bibl.
1590 1224 1858 1296 babetur,
1885 1226 2195 1285 ascribam.
2241 1228 2533 1291 Caesarem

327 1320 429 1383 illa
467 1341 891 1401 nonnunquam
932 1322 1143 1384 ducem
1189 1323 1424 1394 deserit,
1472 1331 1536 1382 et
1574 1322 1779 1383 breves
1820 1331 2006 1382 tentat
2043 1343 2343 1397 excursus,
2398 1346 2532 1388 raro

332 1428 533 1478 tamen
559 1430 622 1479 et
649 1418 1010 1481 verecunde:
1031 1431 1315 1482 -ceterum
1344 1438 1461 1479 non
1488 1420 1718 1500 impura
1743 1439 1834 1494 ea,
1861 1440 1970 1480 nec
1996 1419 2342 1482 invenusta.'
2418 1425 2536 1484 Da-

328 1515 429 1576 vid
469 1516 839 1579 Hoescbelius
868 1520 1131 1598 Epistola
1180 1518 1257 1579 ad
1293 1519 1794 1599 Jungermannum
1835 1529 1895 1580 4.
1926 1518 2060 1579 Kal.
2089 1522 2238 1598 Apr.
2266 1538 2305 1578 a
2350 1517 2526 1582 1606.

323 1620 350 1661 ·‘
376 1614 923 1693 luten-pretationem
965 1614 1244 1677 Planudis
1275 1617 1491 1696 potius,
1517 1617 1619 1697 qui
1647 1627 1708 1678 et
1740 1617 2032 1677 Ovidiana
2055 1617 2227 1676 vertit
2255 1617 2528 1695 quaedam

329 1729 449 1771 non
492 1710 818 1785 infeliciter,
849 1733 1028 1793 quam
1055 1716 1243 1775 Gazae
1282 1714 1652 1787 crediderim,
1682 1715 1847 1794 quod
1874 1735 1908 1774 e
1936 1714 2233 1795 phrasium
2263 1714 2532 1775 similitu·

327 1807 466 1869 dine
493 1808 666 1869 facile
692 1811 1087 1888 conjecerim!
1165 1814 1372 1874 Petrus
1400 1815 1729 1881 Scriverius,
1768 1813 1946 1873 literis
1988 1812 2066 1872 ad
2109 1812 2362 1872 eundem
2388 1815 2535 1874 Jun-

317 1925 748 1986 ·germannum:
794 1918 813 1944 ⁶
841 1910 985 1970 Belli
1016 1911 1238 1972 Gallici
1268 1911 1548 1993 interpres
1584 1913 1686 1972 ille
1724 1912 1975 1971 Graecus
2011 1927 2128 1970 non
2172 1920 2261 1971 est
2294 1909 2533 1989 quidem

325 2007 813 2079 contemnendus,
840 2007 945 2068 sed
973 2018 1167 2069 tamen
1209 2010 1367 2070 haud
1407 2010 1494 2069 ita
1540 2007 2095 2088 magno'literarum
2134 2007 2530 2068 emolumento

330 2102 564 2183 legitur,
591 2111 657 2163 ut
684 2105 906 2183 absque
946 2106 1065 2165 ulla
1091 2105 1491 2166 studiosorum
1524 2105 1729 2169 fraude
1762 2115 1994 2185 poterat
2035 2105 2348 2177 obliterari,
2376 2105 2536 2185 quis·

325 2203 464 2283 quis
492 2210 603 2261 est.
651 2250 664 2257 -
685 2202 802 2262 Sed
844 2202 1090 2281 legatur,
1117 2204 1166 2263 si
1205 2204 1337 2283 quis
1378 2214 1575 2264 tamen
1623 2204 1755 2264 haec
1800 2222 2036 2281 quoque
2079 2212 2291 2281 captus
2334 2220 2531 2263 amore

324 2299 527 2377 leget!
607 2299 887 2361 Occurrit
913 2301 972 2359 in
1002 2301 1259 2362 editione
1307 2312 1554 2382 utraque
1604 2301 1959 2381 scriptorum
2000 2300 2248 2360 Caesaris
2280 2300 2535 2377 Junger-

328 2396 663 2471 mariniana,
691 2398 879 2458 latinis
906 2419 977 2458 ex
1005 2399 1255 2460 adverso
1282 2419 1390 2480 per
1418 2401 1675 2481 singulas
1704 2398 1944 2479 paginas
1973 2399 2180 2476 posita,
2209 2395 2294 2457 uti
2323 2397 2539 2456 versio-

325 2512 436 2554 nes
466 2495 690 2555 Latinae
718 2497 1071 2575 scriptorum
1105 2499 1455 2558 Graecorum
1498 2497 1717 2557 solent:
1768 2496 1869 2556 sed
1910 2496 1968 2555 in
2019 2494 2273 2554 editione
2313 2493 2538 2554 Davisii

326 2589 410 2651 ad
440 2591 667 2653 calcem
702 2595 1012 2653 voluminis
1051 2595 1271 2673 rejecta
1297 2595 1528 2674 legitur.
1611 2593 1837 2653 Gallice
1879 2602 2100 2653 vertere
2133 2595 2380 2669 (partem
2430 2589 2539 2649 sal-

327 2689 479 2760 tem)
505 2689 610 2750 bos
639 2689 816 2752 libros
842 2693 1034 2771 Reges
1075 2693 1361 2764 Franciae,
1411 2691 1712 2753 Hem-icus
1741 2707 1834 2751 lv.
1863 2689 2021 2751 teste'
2058 2691 2138 2749 Is.
2177 2685 2538 2748 Casaubono

325 2785 504 2867 praef.
532 2786 610 2847 ad
641 2788 974 2868 Polybium,
1002 2798 1062 2848 et
1089 2789 1427 2849 Ludovicus
1448 2804 1597 2850 x1v.
1619 2788 1795 2867 cujus
1837 2786 2009 2848 etiam
2035 2783 2196 2864 typis
2236 2782 2534 2862 exscripta

325 2892 423 2944 est
473 2883 892 2965 interpretatio.
975 2888 1066 2946 De
1103 2886 1294 2946 Asinii
1338 2885 1624 2946 Pollionis
1678 2902 1943 2956 censura,
1972 2883 2073 2963 qui
2110 2880 2355 2943 Caesaris
2377 2899 2538 2941 com·

329 2982 672 3053 mentatios,
714 2991 782 3043 ut
834 3002 1045 3063 parum
1093 2982 1421 3061 diligentes,
1468 3001 1661 3062 neque
1718 2982 1943 3061 integra
1983 2980 2228 3041 veritate
2266 2978 2541 3057 scriptos,

326 3077 730 3156 reprehendit,
759 3088 909 3140 teste
949 3081 1232 3141 Suetonio
1257 3081 1315 3140 in
1343 3082 1573 3142 Caesare
1615 3100 1671 3139 c.
1716 3080 1815 3142 56.
1858 3078 2168 3139 adeundus
2206 3073 2542 3136 Morbofius

327 3172 489 3233 libro
515 3174 593 3234 de
622 3175 1012 3237 Patavinitate
1040 3177 1285 3237 Liviana
1313 3197 1450 3256 cap.
1481 3186 1542 3239 4.
1573 3185 1637 3239 et
1659 3177 1872 3239 Joacb.
1901 3175 2248 3253 Christoph.
2277 3171 2543 3233 Nemeitz

329 3271 411 3332 de
454 3271 743 3334 modestia
814 3273 1092 3334 historica
1137 3274 1198 3333 in
1252 3274 1512 3335 censuris
1552 3275 1892 3354 principum
1942 3270 2307 3332 observanda
2357 3275 2385 3342 ξ
2445 3275 2540 3327 14.

333 3368 573 3430 Prodiit
637 3370 888 3431 Londini
935 3373 1263 3431 Scanorum
1324 3379 1500 3443 1709.
1556 3380 1616 3433 8.
1687 3372 1950 3431 Portum
2006 3367 2222 3429 Iccium
2266 3363 2541 3436 Caesaris,

335 3466 687 3529 Mar-dicum
739 3489 870 3529 esse
928 3471 1218 3548 persuasit
1272 3469 1386 3529 sibi
1439 3471 1539 3531 Jo.
1575 3469 1727 3529 δυο.
1779 3464 2087 3528 Chifletius
2137 3460 2335 3523 libello
2382 3458 2544 3521 edito

336 3563 646 3644 Antwerp.
682 3564 859 3628 1626.
893 3564 1065 3636 1627.
1096 3575 1156 3628 4.
1201 3567 1359 3627 Sam.
1386 3564 1660 3628 Clarkius
1697 3583 1834 3623 cum
1864 3562 2063 3623 multis
2098 3559 2226 3620 aliis
2257 3558 2542 3634 Celetrum,

327 3660 491 3722 illive
544 3661 806 3724 vicinum
837 3661 1172 3744 Sangatum
1195 3684 1215 3723 .·
1272 3663 1518 3725 Carolus
1571 3662 1655 3721 du
1712 3662 1928 3722 Fresne
1974 3658 2055 3719 ad
2106 3656 2436 3719 Joinvillam
2481 3663 2545 3717 et

328 3890 459 3957 quia
501 3895 707 3953 tempus
767 3895 1047 3957 utcumque
1104 3891 1397 3944 observant.
1476 3891 1581 3942 lico
1613 3890 1834 3942 lacnnae.
1896 3888 2086 3956 Neque
2123 3887 2267 3939 aliud
2307 3885 2548 3937 existimo

331 3967 528 4033 Neque
548 3966 687 4016 enim
701 3966 837 4016 aliud
853 3981 981 4031 opus
999 3966 1216 4017 cesaris
1232 3967 1400 4032 Ephe·
1478 3983 1594 4019 esse
1615 3970 1651 4021 J
1656 3969 1750 4020 ulii
1769 3969 1991 4019 Caesaris
2027 3967 2279 4029 Chronica,
2302 3978 2418 4031 qnae
2441 3975 2547 4012 ma-

330 4042 561 4094 merides
600 4043 911 4109 putaverim,
932 4043 1077 4108 licet,
1097 4058 1213 4108 quae
1235 4059 1267 4094 a
1284 4045 1401 4095 Ser·
1478 4046 1751 4110 nuscripta
1802 4049 2152 4095 memorantur
2187 4043 2242 4092 in
2284 4038 2544 4102 Catalogo

331 4118 421 4169 vio
441 4118 626 4169 exiliis
647 4117 1004 4183 proferuntur,
1027 4121 1180 4170 hodie
1197 4120 1401 4173 deside-
1478 4120 1623 4172 Bibl.
1637 4122 1710 4173 Is.
1736 4121 1922 4172 Vossii.
1943 4121 2159 4171 Graecus
2190 4118 2448 4180 interpres
2468 4115 2545 4163 in-

331 4208 524 4251 remus.
589 4194 724 4247 Sunt
766 4203 910 4245 certe
942 4196 1197 4262 quadam,
1216 4204 1276 4247 ut
1310 4212 1400 4249 no·
1484 4199 1697 4265 scripsit
1709 4196 2162 4261 ἀπομνημονεύματα
2190 4194 2277 4243 τοῦ
2297 4193 2348 4243 ἐν
2365 4193 2429 4258 τῇ
2460 4196 2548 4241 ra-

331 4279 462 4326 tuni*
482 4270 696 4338 eruditi,
708 4271 761 4324 ln
777 4272 864 4324 his
875 4271 1022 4325 libris
1037 4273 1102 4326 de
1124 4273 1260 4326 bello
1279 4275 1402 4330 Gal·
1484 4278 1631 4346 λατίᾳ
1650 4277 1875 4342 πολέμου.
