3017 4925
545 366 723 439 2⁰62
1223 380 1637 431 ammaus*
1661 378 2092 430 nm'rmrwu

628 528 876 591 Arnoldi
904 526 1194 588 Montani.
1267 524 1582 587 Accedunt
1608 524 1812 586 notitia
1839 526 2054 586 Gallim
2077 534 2139 588 et
2166 536 2327 589 nott
2352 524 2659 590 unctiores
2684 536 2753 590 ex·

555 664 570 691 t
626 625 994 706 autographo
1018 626 1144 687 Jos.
1173 623 1473 703 Scaliger-i.
1522 621 1710 700 Lugdss
1744 623 1874 682 But.
1903 642 1978 681 ex
2004 622 2161 684 offic.
2183 625 2618 705 Wyngaerden.

548 759 632 770 —
671 722 1110 784 Amstelodumi.
1165 729 1256 783 12.
1290 741 1387 802 ap.
1420 720 1674 780 Eizevir.

552 820 704 881 1653
747 820 999 881 Aureliae
1029 820 1251 880 Allobr.
1293 819 1395 879 fol.
1441 820 1511 881 C.
1541 817 1679 880 Julii
1718 817 2053 878 Caesnriset
2081 817 2254 879 Hirtii
2300 820 2759 884 Commentario.

631 921 703 979 lu
730 920 1006 996 Corpore
1036 917 1405 998 Scriptorum
1436 916 1694 976 historiae
1722 916 1895 975 Rom.
1924 934 1995 974 ex
2023 914 2118 976 ed.
2155 914 2327 986 1609.
2358 916 2632 996 repetito.

554 1015 709 1086 1657
752 1014 1201 1075 Amstelodnmi.
1253 1021 1346 1075 12.

556 1112 709 1177 1658
757 1112 1150 1192 Argentorati.
1198 1119 1253 1171 8.
1296 1130 1368 1169 ex
1399 1108 1495 1169 ed.
1530 1107 1795 1168 Boecleri.

555 1209 704 1271 1661
753 1207 1198 1269 Amstelodami.
1248 1214 1303 1266 8.
1348 1224 1446 1286 ap.
1499 1205 1748 1263 Elzevir.
1794 1223 1931 1263 cum
1975 1204 2206 1266 selectis
2253 1207 2552 1269 variorum
2598 1229 2761 1271 eom·

561 1356 572 1363 .
629 1307 946 1377 mentnriis,
994 1316 1176 1385 opera'
1201 1314 1264 1364 et
1290 1301 1491 1363 studio
1520 1300 1764 1361 Aruoldi
1811 1301 2278 1363 Montani—Ex
2325 1303 2421 1365 ed.
2475 1303 2653 1367 1651.
2682 1327 2764 1368 re·

631 1424 796 1464 cusa.
1333 1424 1342 1436 ·

553 1501 713 1569 1664
755 1498 1027 1581 Lugduni
1056 1501 1191 1559 Bat.
1217 1506 1312 1559 12.
1341 1514 1440 1575 ap.
1472 1495 1721 1555 Eizevir.
1750 1505 1812 1556 et
1834 1494 2066 1556 emend.
2098 1497 2398 1576 Scaligeri.

556 1601 709 1663 1665
752 1596 1197 1659 Amstelodami.
1227 1605 1319 1658 12.
1349 1614 1445 1673 up.
1476 1595 1748 1655 Jansson.
1809 1594 1905 1654 Ex
1927 1594 2331 1655 emendatione
2359 1595 2666 1675 Scaligeri.
2767 1652 2772 1656 .

555 1697 710 1769 1669
753 1694 1145 1756 Francofurti.
1192 1702 1252 1753 4.
1284 1694 1356 1753 C.
1384 1691 1531 1754 Julii
1558 1692 1808 1752 Caesaris
1842 1711 1978 1771 quae
2013 1702 2232 1763 extant,
2271 1713 2406 1754 cum
2454 1693 2771 1774 interprete

630 1796 846 1856 Graeco
869 1804 930 1853 et
957 1792 1108 1853 notis
1126 1791 1416 1851 variorum
1436 1789 1634 1850 studio
1650 1788 2012 1850 Gothofredi
2033 1790 2473 1868 Jungermanni.
2491 1790 2762 1852 francof.

634 1892 922 1952 sumtibus
977 1893 1075 1952 Jo.
1121 1890 1278 1949 Dav.
1334 1888 1607 1949 Zunueri.
1658 1897 1695 1948 2
1743 1888 2269 1967 veih—Repetitio
2319 1888 2628 1965 Iungerm.
2675 1887 2766 1948 ed.

639 1987 819 2051 1606.
875 1989 1029 2057 Quae
1076 1985 1189 2047 etsi
1230 1986 1287 2045 in
1329 1985 1502 2046 titulo
1520 1985 1760 2047 „auctior
1785 1996 1847 2047 et
1873 1981 2132 2046 comtior
2156 1984 2396 2056 dieitur,
2432 2006 2557 2046 non
2600 2004 2769 2064 aeque

631 2096 829 2146 tamen
867 2093 959 2145 est
986 2095 1271 2145 correcta.
1357 2084 1609 2144 Aue-tior
1656 2104 1797 2144 vero
1842 2093 1933 2144 est
1974 2083 2055 2143 ob
2088 2083 2355 2145 additam
2386 2084 2443 2141 in
2484 2082 2606 2143 fine
2646 2084 2768 2143 Jos.

569 2242 578 2249 ,
633 2181 917 2262 scaligeri
961 2182 1236 2243 notitiam
1279 2181 1493 2241 Gauiae
1521 2179 1891 2260 depromtam
1958 2201 2031 2239 ex
2085 2180 2342 2240 editione
2384 2179 2766 2251 Eizevirians,

636 2290 698 2341 et
738 2280 878 2341 Aldi
915 2279 1165 2341 Manutii
1194 2280 1426 2338 brevem
1470 2277 1551 2338 de
1591 2277 1810 2337 Gnuiae
1853 2276 2135 2337 divisione
2168 2268 2760 2348 commentationem3

633 2386 694 2438 et
721 2377 801 2437 ob
828 2375 1065 2439 additos
1091 2396 1293 2437 ,versus
1314 2376 1409 2436 vel
1437 2375 1620 2435 incisa
1649 2374 1920 2445 comtior,
1951 2374 2040 2434 vel
2072 2373 2280 2435 utilior.
2311 2370 2321 2379 '

561 2473 719 2547 1670
760 2475 1206 2537 Amsteiodami.
1238 2484 1296 2536 8.
1327 2495 1400 2534 ex
1444 2473 1602 2535 offic.
1646 2471 1898 2532 Elzevir.
1941 2472 2236 2552 Repetitio
2284 2471 2383 2534 ed.
2441 2471 2619 2535 1651.
2662 2477 2767 2535 Ar-

637 2571 799 2634 noldi
827 2572 1120 2634 Montani.

564 2670 717 2742 1674
759 2672 1118 2749 Antverpiae.
1152 2678 1208 2732 8.
1239 2669 1311 2730 C.
1338 2670 1372 2730 J
1383 2668 1479 2728 ulii
1524 2667 1775 2729 Caesaris
1820 2668 2262 2740 commentarii,
2295 2668 2459 2727 novis
2500 2667 2773 2729 emenda-

641 2768 900 2829 tionibus
919 2767 1209 2837 illustrati,
1231 2787 1305 2826 ex
1334 2764 1480 2825 bibl.
1507 2765 1694 2826 Fulvii
1724 2764 1939 2826 Ursini.
1971 2768 2151 2825 Antv.
2180 2785 2281 2844 ap.
2310 2763 2568 2826 Plautia.
2642 2773 2653 2780 '

564 2898 645 2913 -—
687 2864 939 2925 Parisiis.
967 2874 1024 2925 8.

559 2994 642 3006 --
683 2961 916 3039 Lipsiae.
950 2971 1007 3024 8.
1037 2982 1069 3021 e
1099 2982 1325 3023 recens.
1356 2961 1766 3040 scaligeriana.

566 3057 718 3128 1675
763 3060 1207 3119 Amstelodami.
1245 3069 1337 3122 12.
1367 3079 1467 3138 ap.
1501 3061 1747 3121 Eizevir.
1778 3080 1852 3120 ex
1876 3060 2112 3121 emend.
2143 3059 2446 3139 Scaliger-i.

564 3154 719 3227 1678
767 3156 1016 3216 Parisiis.
1054 3165 1113 3216 4.
1158 3156 1229 3217 C.
1254 3157 1396 3217 Julii
1441 3157 1689 3217 Caesaris
1723 3178 1860 3236 quae
1901 3166 2123 3217 extant.
2185 3156 2676 3234 Interpretntione
2719 3164 2776 3216 et

640 3254 793 3316 notis
838 3255 1149 3315 illustravit
1200 3255 1457 3315 Jonnnes
1505 3254 1822 3314 Goduinus
1848 3255 1906 3314 in
1954 3256 2145 3316 Usum
2174 3252 2475 3333 Delphini.
2526 3253 2775 3316 Lutetiae

488 3393 510 3410 .
638 3350 1011 3423 Parisiorum,
1042 3351 1197 3430 typis
1221 3350 1379 3411 Petri
1404 3351 1460 3411 le
1481 3350 2007 3411 Petit.—Goduini
2028 3361 2185 3411 notae
2216 3360 2353 3411 sunt
2380 3350 2772 3432 philologicae.

566 3447 723 3511 1680
765 3449 952 3526 Hagae
976 3450 1147 3511 Com.
1174 3459 1273 3512 24.
1302 3470 1336 3509 e
1363 3469 1485 3509 rec.
1509 3449 1915 3529 Scaligeriana.

567 3545 720 3607 1683
766 3545 1042 3622 Lugduni
1071 3547 1202 3606 Bat.
1242 3555 1337 3607 12.

565 3639 724 3704 1684
768 3644 1039 3722 Lugduni
1067 3644 1201 3703 But.
1263 3654 1356 3705 12.
1397 3646 1469 3704 C.
1500 3643 1641 3703 Julii
1672 3642 1919 3704 Caesaris
1958 3662 2096 3721 quae
2138 3651 2360 3714 extant,
2390 3661 2533 3704 cura
2573 3643 2775 3703 docto·

641 3758 770 3799 rum
794 3741 1043 3799 virorum
1065 3740 1396 3801 emendata.
1423 3752 1458 3803 2
1488 3743 1630 3801 voll.
1662 3761 1718 3801 c.
1751 3740 1891 3820 figg.
1935 3741 2034 3801 aeri
2071 3740 2290 3800 incisis.

569 3835 725 3898 1685
769 3836 1216 3897 Amstelodami.
1251 3847 1350 3899 24.
1382 3859 1519 3898 cum
1550 3839 1717 3899 tabb.
1749 3859 1947 3917 geogr.

559 3969 643 3982 -
684 3935 872 4012 Hagae
895 3935 1064 3994 Com.
1119 3946 1218 3997 24.
1277 3956 1350 3996 ex
1377 3936 1610 3997 emend.
1642 3937 1938 4016 Scaligeri.

567 4029 724 4101 1687
765 4032 1152 4093 Francofurti.
1206 4042 1264 4094 8.
1312 4055 1384 4092 ex
1427 4054 1549 4094 ree.
1580 4034 1877 4113 Scaligeri,
1928 4053 2068 4095 cum
2112 4032 2326 4112 triplici
2367 4032 2575 4094 Indice
2624 4033 2778 4092 Mer·

643 4128 788 4191 bizii
807 4140 866 4189 et
894 4129 1034 4209 flgg.

568 4226 724 4302 1693
766 4226 1046 4290 Londini.
1087 4238 1145 4290 8.
1188 4229 1260 4289 C.
1287 4228 1430 4290 Julii
1471 4229 1719 4291 Caesaris
1748 4249 1884 4310 quae
1929 4237 2150 4303 extant,
2196 4228 2689 4310 interpretatione
2716 4232 2775 4286 et
