3017 4925
494 354 676 426 1⁷⁰⁰
1142 365 1206 420 s.
1248 365 1464 420 camsi
1515 365 2054 420 conmanunt

496 538 705 583 omnes
727 523 832 580 snt
856 513 1154 586 cederent.
1179 522 1286 579 aut
1308 516 1598 596 perirent:
1642 515 1742 579 bic
1768 515 1829 577 in
1858 534 2117 596 praesens
2146 513 2473 576 Galliarum
2513 515 2701 580 natm

496 625 643 688 erat,
670 623 731 676 et
755 615 1138 694 imposterum
1161 612 1353 674 timeri
1379 622 1634 692 poterat,
1681 632 1756 672 ne
1803 613 1993 674 Gallis
2039 610 2386 692 expugnatis
2424 612 2706 674 Germani

499 714 756 778 victores
783 713 845 776 in
871 711 1202 792 provincias
1228 711 1437 791 populi
1484 710 1738 771 Romani
1783 709 2122 770 transmisso
2169 708 2448 769 Rhodani
2474 708 2702 789 gurgite

497 818 886 893 penetrarent,
915 818 976 870 et
1001 808 1267 889 proxima
1293 827 1550 889 quasque
1580 816 1893 880 vastantes,
1921 806 2080 886 quod
2107 805 2311 867 multis
2332 814 2467 867 ante
2494 806 2707 867 seculis

487 908 784 983 fecerant,
812 907 872 967 in
901 907 1131 968 Italiam
1148 906 1561 984 irrumperent.
1643 904 1870 963 Horum
1900 913 2095 963 tamen
2135 903 2395 964 omnium
2433 911 2704 965 motuum

496 1005 698 1068 nullus
745 1004 1010 1086 periculo
1050 1003 1370 1084 proximior
1408 1003 1735 1081 Romaeque
1776 1001 2069 1081 vulgatior
2092 1020 2267 1081 quam
2297 998 2708 1060 Helvetiorum

496 1113 823 1186 npparatus
848 1111 909 1164 et
934 1103 1059 1164 dies
1084 1103 1163 1163 ad
1207 1101 1480 1163 Rhodani
1529 1101 1840 1161 transitum
1877 1099 2121 1179 publico
2155 1096 2432 1178 praefixus
2479 1096 2703 1158 edicto.

501 1202 695 1281 quue
720 1202 758 1264 J
762 1200 946 1262 ulium
975 1202 1269 1263 Caesarem
1290 1209 1356 1261 ut
1382 1199 1457 1260 ad
1487 1219 1609 1259 rem
1637 1198 1875 1259 redeam
1894 1197 2143 1258 celerare
2166 1194 2487 1274 compulit;
2526 1213 2708 1274 repuo

499 1307 723 1361 tantem
753 1300 961 1379 quanti
988 1299 1339 1360 discriminis
1377 1307 1529 1359 esset
1576 1297 2118 1377 quantulacumque
2162 1293 2482 1362 cunctatio,
2526 1301 2710 1371 atque

497 1394 564 1458 id
593 1398 901 1478 praecipue
945 1398 1305 1458 recolentem
1352 1397 1604 1476 qualiter
1648 1414 1789 1475 gens
1831 1394 2036 1454 eadem
2064 1390 2364 1473 quondam
2393 1390 2464 1449 L.
2493 1388 2706 1450 Cassio

500 1494 746 1557 consule
772 1495 1143 1566 obtruncato,
1191 1495 1522 1554 Romanum
1560 1492 1806 1554 fudisset
1833 1490 2170 1560 exercitum,
2199 1489 2567 1567 misissetque
2592 1488 2706 1549 sub

493 1591 731 1670 jugum.
814 1590 1140 1671 Eapropter
1164 1590 1435 1652 omnibus
1460 1589 1851 1668 impigerrime
1887 1586 2240 1668 comparatis
2286 1586 2585 1667 profectus
2624 1585 2708 1646 ab

506 1687 652 1749 urbe
677 1696 858 1767 atque
904 1687 967 1749 in
1007 1687 1263 1749 Galliam
1301 1687 1633 1747 ulteriorem
1660 1686 1805 1747 mira
1831 1684 2143 1746 velocitate
2168 1692 2554 1763 transgressus
2581 1684 2712 1744 Gea-

502 1785 756 1846 bennam
784 1785 859 1846 ad
881 1785 1130 1865 periculi
1156 1785 1354 1846 locum
1380 1783 1558 1854 venit,
1587 1783 1907 1863 statimque
1931 1781 2242 1861 provinciae
2267 1789 2491 1860 quanto
2520 1780 2710 1841 maxi-

502 1900 665 1942 mum
693 1882 820 1961 pati
845 1891 1051 1963 posset
1096 1881 1348 1944 militum
1392 1900 1698 1943 numerum
1744 1879 2074 1960 imperavit.
2157 1879 2410 1959 Cognito
2455 1880 2709 1942 Caesaris

503 1978 763 2041 adventu
790 1980 1190 2044 Helvetiorum
1217 1979 1433 2060 legatio
1456 1999 1530 2039 ex
1558 1978 1913 2057 primoribus
1942 1977 2128 2057 gentis
2171 1976 2333 2038 illico
2378 1997 2514 2038 eum
2557 1977 2706 2052 adit,

502 2086 672 2148 orant
700 2077 810 2138 iter
836 2097 944 2157 per
987 2076 1349 2156 provinciam
1387 2077 1733 2148 Romanam,
1763 2076 1991 2154 iterque
2031 2073 2144 2136 sibi
2171 2075 2394 2135 nullum
2437 2073 2488 2113 ⁵⁷
2505 2074 2713 2135 adesse

503 2181 816 2245 testantur,
866 2193 1046 2253 seque
1074 2173 1199 2234 sine
1241 2173 1596 2253 cujusquam
1645 2172 1885 2245 damno,
1935 2173 2061 2232 sine
2112 2171 2322 2250 injuria
2367 2171 2714 2234 transituros

507 2269 825 2348 spondent.
933 2271 1130 2332 Caesar
1180 2268 1294 2331 etsi
1346 2269 1498 2330 male
1552 2268 1772 2330 meritis
1816 2271 2048 2349 placere
2090 2269 2279 2330 nollet
2319 2277 2382 2330 et
2434 2269 2712 2348 pollicitis

504 2366 727 2426 nullam
755 2364 935 2426 fidem
967 2367 1230 2439 haberet,
1257 2374 1434 2446 atque
1460 2365 1597 2427 ideo
1614 2366 1745 2443 jam
1772 2366 2039 2445 responsi
2064 2375 2257 2428 certus
2281 2376 2458 2439 esset,
2501 2385 2578 2428 ne
2626 2376 2716 2431 ta-

504 2481 640 2525 men
668 2461 987 2525 exercitum
1016 2462 1217 2524 itinere
1254 2462 1558 2544 fatigatum
1609 2483 1790 2544 seque
1832 2465 1882 2503 ⁵⁸
1897 2474 2089 2526 tamen
2136 2465 2387 2525 maxime
2428 2484 2714 2545 conqua-

502 2560 697 2623 rendis
725 2561 1008 2622 militibus
1053 2569 1408 2640 occupatum
1452 2563 1762 2641 repentina
1809 2562 2067 2624 hostium
2113 2564 2376 2624 turbaret
2418 2563 2710 2635 incursio·;

502 2658 873 2721 deliberandi
926 2659 1184 2738 spatium
1241 2660 1541 2740 poposcit.
1625 2662 1663 2722 J
1669 2660 1808 2721 ussis
1855 2658 2064 2738 legatis
2109 2659 2315 2720 Idibus
2363 2661 2582 2740 Aprilis
2627 2661 2707 2722 ad

504 2776 570 2816 se
600 2756 805 2829 redire,
835 2757 1031 2817 medio
1058 2767 1322 2835 tempore
1350 2776 1591 2818 suorum
1618 2756 1836 2835 pariter
1860 2765 1922 2815 et
1948 2755 2273 2815 incolarum
2302 2755 2485 2818 fretus
2528 2778 2711 2838 opera

504 2853 735 2933 abipso
763 2854 897 2915 lacu
925 2854 1002 2914 ad
1032 2864 1288 2915 montem
1313 2855 1543 2926 Juram,
1590 2873 1767 2933 quem
1811 2852 2191 2931 prediximus
2237 2853 2444 2914 decem
2488 2855 2712 2917 ³⁹milia

503 2967 785 3029 passuum
814 2970 1067 3025 murum,
1108 2951 1431 3013 altitudinis
1474 2949 1699 3030 pedum
1743 2948 1995 3008 sedecim
2036 2947 2374 3029 fossamque
2419 2950 2668 3031 perfecit
2681 2975 2709 3015 -e

504 3048 789 3128 praesidiis
831 3058 1186 3111 armatorum
1230 3059 1523 3129 oportune
1568 3045 1904 3125 dispositis:
1948 3046 2324 3129 castellisque
2363 3057 2425 3110 et
2448 3069 2713 3131 propug-

504 3145 739 3206 naculis
767 3146 1093 3227 impositis:
1136 3148 1270 3227 [22]
1309 3166 1460 3226 opus
1486 3145 1721 3217 mirum,
1770 3144 1866 3204 vix
1901 3145 2207 3218 credibile,
2253 3147 2361 3207 nisi
2404 3166 2441 3207 a
2485 3149 2715 3209 Casare

504 3242 731 3304 factum
758 3264 886 3305 esse
911 3255 972 3309 et
1000 3266 1038 3305 a
1063 3246 1234 3305 claris
1271 3243 1614 3304 auctoribus
1643 3242 1948 3323 scriptum,
1997 3242 2459 3324 mandatumque
2496 3264 2716 3306 memo-

502 3339 609 3402 riae
636 3341 737 3422 qui
758 3342 902 3422 ipsis
953 3343 1129 3403 rebus
1179 3341 1494 3401 interfuere
1533 3344 1856 3420 *magnum
1895 3338 2162 3401 “tamen
2190 3341 2563 3402 nihilominus
2588 3342 2714 3402 ani-

507 3457 706 3511 mosae,
733 3440 834 3500 sed
864 3440 1113 3500 incautae
1139 3438 1328 3518 gentis
1340 3437 1681 3517 judicium:
1722 3435 1775 3478 ⁶¹
1791 3437 2036 3520 provide
2078 3439 2284 3518 legatis
2325 3437 2712 3500 redeuntibus

506 3533 584 3597 ad
613 3536 919 3615 praefixum
949 3537 1122 3605 diem,
1149 3545 1322 3615 negat
1347 3534 1569 3617 aliquid
1597 3534 1677 3597 de
1705 3535 1775 3601 iis
1815 3555 1954 3615 quae
1999 3545 2265 3615 peterent
2309 3555 2372 3596 se
2417 3535 2713 3597 facturum

510 3630 748 3693 Caesar:
791 3653 985 3712 neque
1010 3633 1123 3693 sibi
1150 3634 1420 3695 Romano
1448 3654 1610 3695 more
1651 3633 1874 3694 licitum
1916 3632 2061 3694 dicit
2088 3653 2194 3712 per
2217 3633 2538 3693 amicorum
2568 3631 2715 3694 fines

507 3728 743 3789 armatis
764 3729 1109 3789 exercitibus
1136 3728 1289 3789 viam
1316 3731 1477 3791 dare.
1559 3730 1651 3790 Illi
1692 3730 2072 3808 responsione
2116 3729 2319 3790 habita
2364 3749 2427 3790 se
2474 3729 2713 3792 delusos

511 3822 617 3883 ubi
642 3824 1051 3885 intellexerunt
1080 3825 1267 3885 moesti
1294 3835 1356 3887 et
1383 3826 1516 3886 irati
1540 3845 1646 3905 per
1675 3827 1824 3886 vada
1849 3824 2103 3887 fluminis
2120 3826 2234 3887 alia
2252 3836 2435 3906 atque
2454 3828 2588 3899 alia,
2607 3828 2713 3888 ubi

509 3918 877 4000 profunditas
902 3920 1090 3980 minor
1105 3932 1271 3995 esset,
1296 3942 1449 3981 nunc
1472 3920 1738 4001 pedibus
1755 3942 1910 3982 nunc
1933 3922 2158 4000 junctis
2184 3924 2443 4003 navigiis,
2468 3933 2529 3986 et
2555 3945 2711 4004 saepe

510 4034 618 4096 per
642 4016 910 4076 tenebras
937 4016 1164 4077 aditum
1193 4027 1599 4080 tentaverunt:
1641 4016 1697 4058 ⁶²
1709 4018 1799 4080 his
1827 4029 2076 4081 conatus
2104 4029 2298 4081 tamen
2327 4020 2543 4082 frustra
2579 4020 2712 4095 fuit,

578 4164 644 4209 57
677 4160 853 4225 Forte,
871 4162 1004 4213 alind
1018 4170 1265 4216 ηομ-68
1288 4164 1464 4231 Forte,
1487 4164 1959 4217 Μυκήνη-69
1991 4166 2150 4232 Lege,
2169 4165 2498 4219 udan—oo
2527 4166 2616 4221 Sic
2636 4165 2714 4218 in·

512 4241 613 4310 fra,
642 4246 801 4295 tamn
817 4244 1269 4297 nihilominus-41
1306 4247 1484 4313 Forte,
1517 4246 1869 4314 protunda—62
1903 4247 2078 4312 Forte,
2095 4246 2192 4301 liic.
