3017 4925
905 411 1002 465 na
1050 416 1229 490 virs
1270 415 1478 467 :unu
1529 416 1886 471 nasama.
2325 405 2498 474 1741

298 559 508 622 Veneto
532 561 591 624 in
622 562 788 628 bello
815 587 955 627 usus
979 577 1102 629 erat
1142 588 1295 629 anno
1336 569 1557 642 alterog
1601 574 1664 631 et
1706 590 1845 650 qum
1888 572 2097 634 amieis
2140 594 2214 636 ex
2253 576 2505 655 regioni·-

298 657 397 722 bus
435 660 665 722 interim
710 663 951 726 redacta
1003 667 1291 747 ingentem
1342 669 1578 729 navium
1621 690 1925 732 numerum
1974 673 2335 752 expleverat.
2415 678 2497 737 Et

284 756 401 833 j·-
440 759 598 821 fana
636 763 1038 826 Romanorum
1092 767 1469 827 aGermanis
1524 768 1870 829 transiverat
1910 770 1984 830 ad
2037 770 2384 833 Britannos:
2437 781 2502 834 et

285 871 524 932 presens
557 858 809 940 insuper
842 872 1161 943 apparatus
1189 862 1307 924 late
1352 875 1575 926 metum
1622 877 1928 944 sparserat.
1951 868 2083 946 [73]
2109 870 2318 948 ltaque
2344 872 2494 933 mul·

289 961 467 1015 hrum
494 955 709 1019 insulse
748 960 1057 1021 civitatum
1086 961 1275 1021 nuntii
1298 962 1594 1021 Caesarem
1624 961 1863 1033 adeunt,
1894 974 1956 1022 et
1995 964 2231 1028 obsides
2261 977 2327 1028 et
2351 969 2497 1029 obe-

283 1048 542 1112 clientium
588 1056 1035 1133 promittentes:
1074 1058 1185 1118 hos
1230 1056 1481 1136 benigue*
1519 1058 1869 1138 suscipiens,
1899 1070 1961 1121 et
1987 1080 2193 1123 sereno
2233 1066 2401 1126 vultu
2432 1075 2494 1128 et

278 1147 391 1208 niti
438 1152 713 1213 oratione
749 1156 1139 1235 prosequitur,
1182 1156 1451 1216 hortatus
1502 1165 1568 1215 ut
1615 1157 1672 1217 in
1757 1160 2067 1238 proposito
2109 1175 2489 1240 perseverent

279 1243 504 1310 domam
552 1252 810 1313 remittit
846 1264 906 1314 et
936 1273 1072 1315 cum
1100 1252 1322 1314 eisdem
1355 1254 1713 1316 ¹¹eommuni
1761 1257 1990 1317 consilii
2032 1260 2228 1338 magni
2259 1260 2488 1337 virum}

272 1341 438 1423 inque
466 1348 589 1409 on‘s
630 1350 750 1411 illis
778 1351 1053 1413 omnibus
1078 1352 1465 1413 'auctoritatis
1504 1353 1736 1413 eximiae
1761 1373 1835 1414 ac
1863 1364 2146 1433 spectatae
2177 1357 2343 1418 ”sibi
2369 1378 2490 1420 non

270 1438 634 1519 fida-imum,
693 1459 763 1509 ut
798 1452 1058 1511 rebatur.
1159 1453 1299 1521 Quo
1360 1450 1571 1512 merito
1622 1451 2034 1513 Attrebatibus
2078 1453 2250 1514 victis
2291 1475 2483 1534 regem

267 1536 417 1600 illum
442 1541 850 1624 imposuerat:
896 1543 1001 1627 per
1028 1568 1206 1628 quem
1237 1549 1487 1610 urbibus
1519 1549 1869 1611 Britannicis
1911 1550 2266 1630 persuadere
2297 1553 2488 1614 ⁸³mit-

267 1635 397 1698 titur
436 1648 505 1701 ut
550 1644 788 1705 ratione
816 1646 954 1707 fidei
999 1667 1059 1707 se
1108 1647 1504 1721 committant,
1540 1667 1830 1727 suumque
1871 1648 1987 1709 illia
2013 1648 2246 1711 nuntiet
2272 1649 2489 1712 adven-

266 1745 398 1803 ῑιιιιι.
490 1746 807 1805 Venerunt
847 1755 909 1805 et
950 1763 1178 1824 magnoe
1235 1746 1419 1824 partis
1474 1745 1844 1806 Morinorum
1898 1746 2088 1807 nuntii
2129 1758 2481 1810 excusantes

266 1857 377 1900 σιω
413 1843 610 1921 gentis
642 1862 914 1915 errorem,
966 1842 1129 1921 quod
1173 1842 1459 1903 adversus
1507 1843 1796 1922 populum
1869 1843 2203 1906 Raemanum
2243 1857 2492 1925 propter

266 1955 416 1998 suam
449 1941 858 2021 ¹⁴imparatam
884 1960 957 2001 ac
983 1939 1283 2001 turbidam
1302 1940 1632 2001 barbariem
1674 1939 2070 2013 rebellassent,
2104 1944 2295 2003 ιςιιιοι
2320 1943 2483 2016 vitio,

261 2053 369 2096 non
395 2038 547 2098 odio
585 2040 936 2105 animorum,
976 2047 1036 2099 et
1066 2046 1338 2117 petentes
1370 2037 1599 2098 veniam
1628 2045 1689 2098 et
1715 2038 2120 2116 poenitentiam
2141 2040 2482 2103 offerentes.

255 2131 309 2192 id
342 2146 694 2217 pergratum
735 2135 954 2196 Caesari
1004 2135 1138 2208 fuit,
1171 2134 1384 2213 quod'
1371 2154 1431 2194 in
1471 2135 1828 2196 Britanniam
1868 2138 2218 2200 transiturus
2261 2139 2483 2204 belluni

257 2228 459 2293 inuitus
488 2244 637 2314 post
666 2245 828 2315 terga
853 2233 1192 2306 dimitteret,
1222 2252 1417 2312 neque
1448 2253 1610 2294 curae
1653 2234 2009 2296 Britannicas
2049 2233 2483 2315 praeferendum

259 2328 404 2390 alind
434 2332 780 2392 extimaret.
865 2331 1157 2410 impositis
1186 2331 1364 2410 igitur
1390 2331 1588 2392 multis
1617 2332 1948 2405 obsidibus,
1968 2333 2155 2412 petita
2184 2335 2481 2409 concedit,

258 2426 434 2491 classe
461 2440 671 2491 autem
700 2430 855 2493 sicut
887 2429 1143 2491 diximus
1170 2429 1451 2502 collecta,
1493 2429 1636 2491 dum
1686 2431 1761 2492 ad
1809 2431 2117 2493 transitum
2147 2450 2210 2492 se
2252 2450 2485 2512 praepa-

258 2535 357 2599 nt,
391 2548 605 2589 curam
634 2538 841 2608 portus
874 2548 948 2589 ac
992 2527 1319 2589 custodiam
1369 2527 1582 2587 Publio
1628 2528 1881 2608 Sulpitio
1924 2527 2102 2587 Ruffo
2144 2529 2479 2601 committit,

256 2641 381 2685 eum
421 2646 503 2688 eo
547 2627 715 2705 quod
757 2625 1020 2687 sufficere
1048 2626 1237 2685 visum
1283 2632 1371 2684 est
1416 2622 1716 2702 proesidio.
1796 2622 2122 2684 Residuum
2167 2624 2479 2702 copiarum

256 2720 309 2783 in
335 2724 655 2804 Menapios
684 2724 882 2795 mittit,
913 2733 1094 2804 atque
1134 2722 1192 2783 in
1241 2741 1371 2782 eam
1400 2734 1626 2798 partem
1683 2720 2072 2793 Morinorum,
2105 2719 2262 2780 unde
2288 2722 2480 2800 (quod

259 2820 589 2883 rebellionis
618 2822 904 2883 indicium
930 2821 1282 2900 apparebat)
1315 2819 1459 2880 nulli
1506 2818 1584 2879 ad
1629 2838 1765 2879 eum
1804 2818 1994 2879 nuntii
2023 2818 2346 2879 venissentz
2392 2819 2479 2880 bis

257 2917 552 2981 'liturium
578 2920 869 2980 Sabinum
900 2928 961 2979 et
981 2919 1234 2979 Lucium
1260 2917 1696 2995 Arunculejum
1715 2917 1957 2978 Cottam
1976 2915 2268 2995 prefecit.
2336 2916 2478 2978 Dies

256 3014 469 3079 interea
498 3017 853 3096 navigationi
880 3028 1058 3097 aptus
1085 3015 1279 3077 affuit:
1323 3035 1582 3095 cumque
1613 3015 1691 3076 de
1735 3015 1929 3081 littore
1969 3015 2212 3076 Gallico
2236 3014 2480 3094 profun-

258 3114 325 3176 da
364 3126 547 3177 nocte
601 3115 889 3186 solvisset,
931 3114 1217 3194 proximae
1260 3114 1409 3175 lucis
1451 3114 1597 3175 bora
1624 3123 1836 3193 quarta
1883 3113 2281 3174 Britannicum
2311 3114 2476 3174 littus

255 3215 555 3295 attigerat:
589 3215 950 3293 plenumque
988 3212 1131 3274 illud
1180 3213 1419 3274 armatis
1469 3212 1742 3273 hostibus
1764 3211 2162 3290 conspicatus,
2209 3231 2478 3293 praerup-

256 3321 457 3392 larque
477 3331 662 3392 rupes
691 3310 902 3391 pelago
931 3310 1355 3390 impendentes,
1382 3310 1539 3372 unde
1562 3310 1667 3371 teli
1684 3311 1889 3389 jactus
1918 3319 2023 3371 aut
2048 3310 2260 3390 lapidis
2288 3330 2474 3390 usque

253 3410 319 3470 ad
362 3430 546 3469 naves
591 3409 765 3469 facile
810 3420 1194 3488 perventurus
1241 3418 1415 3479 esset,
1468 3409 1737 3470 substitit
1781 3427 2119 3486 parumper,
2150 3417 2472 3485 expectans

253 3526 378 3568 suos
422 3507 531 3587 qui
576 3506 785 3566 lentius
831 3506 1182 3567 veniebant:
1244 3506 1327 3566 sic
1380 3506 1441 3565 in
1482 3506 1755 3567 anchoris
1785 3525 1967 3583 usque
2013 3505 2087 3565 ad
2119 3504 2323 3565 horam
2352 3503 2470 3566 diei

250 3622 455 3665 nouam
495 3605 701 3665 stetit:
732 3604 866 3684 [74]
893 3614 1037 3665 tunc
1080 3604 1363 3665 assecutis
1402 3603 1703 3673 omnibus,
1731 3601 2056 3682 legatisque
2107 3613 2168 3663 et
2224 3603 2471 3664 tribunis

250 3702 520 3774 militum,
549 3721 624 3762 ac
672 3701 959 3781 magistris
1001 3702 1232 3762 navium
1264 3698 1678 3762 ¹⁶vehementis
1720 3699 2050 3773 admonitis,
2079 3721 2152 3761 ne
2181 3721 2302 3780 qna
2319 3709 2474 3764 esset

250 3808 348 3859 aut
377 3799 608 3860 bellicis
636 3810 741 3859 aut
768 3800 1073 3860 maritimis
1105 3801 1283 3861 rebus
1303 3819 1463 3860 mora
1485 3822 1505 3871 3
1548 3798 1650 3859 sed
1678 3798 1756 3859 ad
1787 3806 1994 3858 nutum
2022 3798 2222 3859 omnia
2251 3798 2471 3859 ⁸⁷dicto

249 3897 648 3977 explorentur.
734 3899 925 3957 Vento
965 3909 1026 3959 et
1065 3907 1209 3958 aestu
1239 3896 1424 3958 fretus
1463 3896 1698 3966 idoneo,
1728 3894 2027 3956 convulsis
2069 3895 2364 3967 anchoris,
2393 3895 2466 3954 ad

309 4129 364 4175 n
402 4126 564 4191 Lege,
587 4125 1002 4177 cmm—12
1034 4127 1444 4192 Forte,sibique,·
1476 4129 1583 4191 vel,
1616 4127 1712 4178 sibi
1738 4129 2043 4177 mrtem—18
2079 4126 2255 4184 Forte,
2277 4122 2469 4186 nititur,

246 4209 301 4254 at
320 4205 697 4256 Καισαρ-14
732 4205 891 4271 Lege,
906 4207 1324 4273 inmeritam—16
1358 4209 1866 4275 memsam—1⁶
1898 4209 2075 4271 Forte,
2089 4204 2469 4255 veliementer.—

250 4288 307 4336 1⁷
338 4280 515 4351 Forte,
530 4286 666 4335 dicto
685 4283 846 4336 citius.
