3017 4925
506 379 683 462 1⁷16
1152 403 1214 456 ³.
1257 401 1472 457 cnnsr
1518 403 2058 462 constituunt

502 547 709 613 mnis
732 545 971 610 duobus
994 544 1239 609 dimisso
1260 546 1492 627 gemino
1519 546 1812 626 prm-idio,
1843 568 1982 610 cum
2001 546 2276 611 omnibus
2303 548 2493 630 copiis
2520 557 2716 616 min

503 644 764 708 hostium
816 643 1062 705 invadit.
1162 642 1383 705 Videns
1440 645 1768 705 Ariovistus
1823 645 1973 706 trabi
2017 646 2269 727 amplias
2324 648 2550 710 ratione
2592 667 2712 710 non

502 760 700 832 posse,
730 741 991 822 plurimis
1016 761 1093 806 ex
1116 742 1348 821 populis
1399 743 1831 804 Germanorum
1871 744 2164 823 ingentem
2211 745 2396 808 eciem
2437 745 2715 808 instruxit

501 847 685 919 atque
710 838 795 899 ita
820 857 1055 899 omnem
1086 839 1405 899 exercitum
1435 839 1569 919 [41]
1608 839 1805 900 rhedis
1850 850 1910 901 et
1957 841 2229 902 curribus
2275 841 2712 913 circumclusitz

501 943 575 998 ut
611 935 772 996 nulla
813 934 972 1014 fugae
1013 954 1136 1014 spe,
1178 935 1500 1015 praesertim
1557 936 1859 1015 equitibus
1914 948 2261 1016 superesset.
2344 938 2603 1001 Fuerunt
2652 945 2716 999 et

503 1030 646 1093 viris
696 1032 1044 1092 intermixtae
1092 1032 1420 1112 fatiloquae,
1477 1032 1555 1093 de
1600 1033 1816 1112 quibus
1855 1032 2107 1094 diximus
2151 1036 2421 1097 mulieres
2465 1035 2714 1114 atiaeqoe

502 1128 659 1190 viros
676 1139 925 1201 secutoe;
968 1128 1204 1190 fletibus
1232 1129 1365 1190 altis
1390 1138 1640 1204 orantes,
1677 1148 1752 1190 ne
1779 1130 2057 1190 Romanis
2085 1130 2162 1190 ad
2192 1131 2489 1193 servitium
2517 1130 2718 1194 tnde-

497 1233 721 1289 rentur.
804 1227 1242 1288 concurrerunt
1270 1233 1467 1288 autem
1495 1234 1666 1294 tauto
1694 1228 1917 1306 impetu
1945 1228 2251 1300 Germani,
2281 1236 2369 1300 ut,
2395 1245 2716 1309 consump-

500 1328 568 1386 to
597 1343 734 1382 mox
763 1324 974 1402 spatio,
1006 1324 1167 1403 quod
1205 1325 1362 1385 acies
1403 1323 1737 1397 dirimebat,
1778 1323 2052 1401 jactandi
2098 1325 2216 1403 pila
2259 1324 2424 1386 nulla
2470 1323 2712 1388 occasio

500 1430 834 1499 superesset
860 1431 962 1482 aut
983 1421 1255 1483 facultas.
1336 1422 1631 1500 Projectis
1655 1423 1832 1502 igitur
1855 1421 2188 1494 missilibus,
2227 1441 2317 1482 res
2341 1421 2549 1501 gladiis
2575 1430 2714 1486 acta

499 1523 611 1588 est,
636 1527 849 1579 eventu
877 1518 1279 1598 alioquamdin
1306 1518 1529 1580 dubio:
1569 1518 1762 1580 fracta
1803 1518 2040 1582 tandem
2084 1519 2411 1598 pertinacia
2460 1521 2717 1581 Germa·

498 1631 732 1689 norum,
779 1635 980 1675 omnes
1018 1625 1180 1696 terga
1221 1625 1559 1679 verterunt:
1603 1626 1665 1678 et
1712 1617 1961 1697 diruptis
1996 1616 2271 1677 obicibus
2317 1618 2711 1698 plaustmrum

501 1711 717 1791 quibus
745 1710 1007 1773 firmasse
1032 1712 1223 1773 aciem
1250 1710 1374 1774 dux
1402 1713 1701 1792 sperabat,
1748 1731 1937 1793 usque
1975 1712 2052 1774 ad
2101 1713 2292 1773 Rheni
2335 1714 2526 1794 ripam
2570 1714 2711 1795 fuga

499 1816 785 1888 perpetua
826 1808 971 1872 fuit:
1018 1810 1192 1888 cujus
1232 1809 1466 1870 alveum
1508 1809 1709 1870 nando
1764 1808 2039 1890 quidam3
2089 1809 2186 1870 alii
2229 1810 2424 1890 parvis
2465 1812 2710 1892 navigiis

497 1906 843 1967 transierunt
859 1930 877 1978 3
920 1927 1042 1986 quo
1070 1927 1143 1968 ex
1168 1925 1412 1968 numero
1428 1906 1558 1986 ipse
1586 1907 1697 1969 fnit
1719 1907 2071 1980 Ariovistus,
2101 1907 2206 1987 qui
2231 1907 2506 1987 deposita
2532 1910 2713 1972 credo

499 1995 795 2083 superbiae
820 2023 940 2064 suae
967 2004 1217 2077 sarcina,
1247 2024 1380 2084 quae
1407 2013 1574 2065 tanta
1598 2016 1742 2078 erat,
1774 2014 1839 2065 ut
1863 2026 1992 2067 eam
2022 2025 2132 2065 nec
2177 2005 2496 2067 Germania
2536 2025 2714 2086 cape-

496 2110 610 2174 ret,
641 2120 748 2162 nec
769 2102 967 2162 Gallia
995 2102 1320 2175 tollen-aren
1366 2102 1568 2163 cimba
1594 2103 1767 2164 unica
1794 2123 1936 2164 casu
1963 2103 2021 2162 in
2048 2102 2176 2182 ripa
2219 2102 2481 2163 citeriore
2520 2102 2709 2164 amnis

494 2198 737 2259 inventa
757 2222 775 2272 ς
821 2200 981 2260 solus
1010 2200 1068 2260 in
1093 2199 1392 2261 adversam
1420 2199 1606 2278 ripam
1638 2220 1699 2260 se
1726 2200 2033 2279 proripuit.
2115 2198 2350 2279 Reliqui
2393 2219 2544 2279 pene
2585 2220 2710 2263 om-

498 2314 601 2360 nes
645 2296 902 2357 instante
948 2298 1219 2359 Romano
1245 2296 1511 2376 equitatu
1554 2297 1606 2340 ³⁸-
1621 2296 1777 2376 fugae
1801 2296 2000 2358 medio
2044 2295 2293 2375 periere.
2355 2297 2443 2360 ‘In
2492 2296 2706 2375 quibus

498 2391 634 2452 duae
663 2392 938 2454 Ariovisti
963 2394 1246 2475 conjuges
1270 2394 1452 2454 altera
1477 2393 1687 2467 Sueva,
1718 2393 1939 2453 Norica
1961 2393 2423 2474 altera,quarnm
2452 2392 2702 2473 primam

497 2489 680 2552 domo
734 2491 1070 2572 digrediens
1124 2492 1426 2565 eduxerat,
1499 2491 1820 2553 secundam
1871 2491 2018 2552 dum
2070 2491 2130 2553 in
2197 2491 2407 2552 Galliis
2477 2510 2704 2553 moram

496 2588 692 2660 traxit,
746 2587 1013 2663 duxerat,
1069 2586 1320 2650 filiarum
1369 2608 1609 2669 quoque
1665 2589 1850 2650 altera
1904 2608 2061 2649 caesa
2102 2588 2234 2657 fuit,
2277 2598 2459 2668 capta
2497 2588 2702 2653 altem.

496 2687 579 2749 G.
605 2686 892 2759 Valerius,
923 2707 1101 2766 quem
1147 2686 1226 2747 ab
1273 2686 1566 2747 Ariovisto
1609 2697 1847 2764 captum
1889 2686 2360 2759 memoravimus,
2408 2685 2467 2745 in
2505 2685 2703 2765 ipsum

493 2783 809 2855 Caesarem,
836 2784 1062 2845 hostem
1089 2783 1494 2861 insequentem
1519 2805 1538 2852 ς
1578 2780 1724 2843 dum
1772 2780 1960 2840 tribus
1987 2781 2203 2842 catenis
2233 2782 2465 2844 vinctus
2509 2783 2704 2844 trahe·

490 2888 653 2941 retur
699 2878 940 2951 incidit;
984 2898 1107 2958 quo
1133 2879 1216 2937 nil
1243 2878 1432 2940 laetius
1456 2878 1518 2937 in
1545 2886 1669 2938 tota
1696 2878 1793 2938 illa
1819 2878 2061 2939 victoria
2089 2879 2292 2939 Caesar
2319 2878 2501 2940 vidit:
2548 2899 2705 2941 sum-

491 2995 589 3041 nia
617 2975 731 3036 sibi
758 2975 960 3037 laetitia
987 2995 1057 3036 ac
1088 2976 1363 3055 voluptas
1391 2973 1523 3046 suit,
1554 2976 1744 3037 virum
1771 2976 1969 3049 talem,
2012 2985 2256 3057 tamque
2281 2976 2336 3035 ei
2367 2976 2701 3038 familiarem

492 3072 914 3135 crudelissimis
942 3072 1209 3133 hostium
1228 3071 1520 3143 manibus,
1539 3071 1755 3150 quibus
1780 3071 1901 3151 ipse
1919 3092 2053 3133 eum
2082 3072 2406 3152 objecerat,
2429 3081 2700 3152 ereptum

490 3171 823 3249 recepisse:
887 3190 1088 3251 neque
1156 3168 1233 3229 de
1296 3188 1403 3230 sua
1468 3168 1852 3249 prosperitate
1919 3169 2138 3249 aliquid
2211 3169 2384 3230 amici
2467 3169 2702 3232 miseria

486 3268 869 3343 diminutum.
951 3269 1057 3328 me
1116 3286 1257 3328 vero
1283 3267 1414 3344 jam
1463 3267 1612 3327 liber
1667 3265 1861 3327 flebile
1914 3266 2229 3329 ridiculum
2274 3266 2566 3339 narrabat,
2600 3287 2697 3328 co·

487 3384 614 3431 ram
674 3386 737 3427 se
803 3365 979 3427 fuisse
1045 3364 1120 3425 de
1178 3385 1285 3426 sua
1338 3363 1528 3426 salute
1591 3364 1848 3426 sortibus
1894 3365 2277 3443 inquisitum:
2352 3382 2428 3424 an
2473 3363 2701 3426 scilicet

488 3462 739 3524 flammis
765 3463 1095 3525 exurendus
1122 3469 1295 3535 esset,
1324 3463 1483 3523 auin
1508 3470 1739 3542 tempus
1769 3461 1931 3522 aliud
1957 3461 2341 3530 differendus,
2370 3480 2550 3540 seque
2566 3460 2698 3539 jam

478 3560 654 3639 jactu
683 3562 924 3623 sortium
951 3561 1217 3633 dilatum,
1245 3559 1532 3622 beneficio
1553 3561 1801 3622 Coesaris
1829 3561 2054 3621 salvum
2081 3580 2208 3620 esse
2233 3580 2253 3619 z
2293 3556 2520 3637 collega
2543 3578 2698 3638 quo·

488 3676 605 3737 que
632 3659 762 3734 ejus
805 3658 1138 3718 reinventus
1164 3658 1389 3719 Metius
1416 3666 1477 3718 et
1505 3657 1726 3719 Caesari
1752 3666 2143 3736 praesentatus
2190 3655 2352 3715 auxit
2390 3654 2694 3735 gaudium,

485 3753 622 3833 [42]
660 3754 792 3814 Hac
847 3753 1096 3815 victoria
1141 3754 1494 3833 dimulgata;
1542 3756 1737 3827 Suevi,
1797 3754 1898 3834 qui
1945 3752 2018 3813 ad
2077 3754 2347 3813 Rhenum
2395 3749 2694 3815 transituri

486 3861 879 3911 convenerant
902 3859 1314 3922 retrocessere;
1359 3850 1661 3930 effuseque
1681 3849 1892 3911 domos
1923 3867 2057 3908 suas
2082 3867 2154 3908 ac
2183 3846 2408 3927 trepide
2430 3854 2697 3926 repeten-

486 3956 598 4016 tes,
628 3965 666 4006 a
700 3946 955 4007 finitimis
997 3966 1204 4026 magna
1231 3958 1422 4026 strage
1471 3946 1650 4007 deleti
1690 3953 1852 4006 sunt:
1899 3964 2257 4024 magnosque
2284 3945 2344 4004 in
2373 3944 2695 4006 Germania

483 4052 548 4105 et
573 4043 633 4103 in
662 4044 860 4105 Gallia
906 4063 1098 4107 rerum
1141 4053 1335 4104 motus
1384 4044 1564 4121 hujus
1608 4042 1806 4122 proelii
1852 4053 2092 4103 eventus
2137 4044 2409 4103 excierat.
2492 4042 2695 4103 Caesar

482 4149 682 4203 autem
711 4150 915 4204 aestate
944 4159 1060 4202 una
1085 4139 1317 4200 duabus
1363 4139 1604 4200 inclitus
1647 4139 1923 4212 victoriis,
1966 4137 2019 4176 ³⁹
2031 4149 2093 4200 et
2140 4140 2460 4218 Sequanos,
2505 4135 2689 4219 paulo

902 4306 970 4356 88
1001 4304 1178 4374 Forte,
1186 4301 1328 4367 suga·
1347 4302 1399 4354 in
1417 4301 1722 4354 maim—89
1752 4301 1914 4369 Lege,
1936 4300 1988 4354 in
2008 4298 2263 4367 seq-noe·
