3017 4925
484 357 661 426 2⁰28
1109 396 1122 409 ·
1192 370 1511 421 ΝοτιτιΑ
1561 369 1980 419 m‘rnnARrA

491 517 655 578 ridus
685 516 942 578 Sabinus
969 523 1086 576 tres
1125 514 1201 574 de
1242 514 1399 575 bello
1443 513 1617 576 Civili
1663 513 1844 575 libros
1891 512 2111 574 Caesari
2156 510 2472 591 abjudicat
2515 510 2621 572 lib.
2654 526 2699 572 1.

488 614 944 677 subsecivarum
973 612 1316 673 Lectionum
1344 631 1478 691 cap.
1506 621 1565 674 3.
1596 621 1657 671 et
1683 610 1949 689 inprimis
1977 610 2015 670 l.
2046 627 2125 672 11.
2154 630 2210 671 c.
2233 620 2293 672 2.
2375 610 2571 668 Immo
2589 606 2704 668 La-

487 712 735 773 dovicus
760 712 964 772 Carrio
1005 731 1079 771 ne
1124 709 1360 790 quidem
1391 727 1519 771 vu.
1543 710 1726 770 libros
1749 708 1825 769 de
1854 711 2008 769 bello
2036 709 2271 769 Gallico
2298 708 2548 769 Caesaris
2575 725 2704 767 esse

485 819 680 888 putat.
779 808 882 869 Uti
935 828 1043 868 nec
1099 807 1434 869 Ludovicus
1482 806 1827 880 Caduccus,
1885 808 1986 885 qui
2032 811 2121 882 (ut
2167 807 2385 866 Savaro
2433 803 2706 886 prodidit

483 907 637 968 notis
666 905 724 973 iu
756 904 962 966 Sidon.
995 922 1095 967 lx.
1130 909 1249 979 14.)
1287 905 1599 985 opusillud
1630 904 1894 966 Suetonii
1920 923 2050 965 esse
2079 906 2366 982 putabat;
2410 901 2596 981 idque
2622 900 2703 960 ob

486 986 806 1064 verba‘issa
831 1001 1025 1063 Omani
1052 1017 1148 1060 v1.
1180 1010 1239 1071 7.
1267 1009 1286 1035 ⁸
1317 1002 1490 1062 uano
1521 1001 1625 1081 [de
1647 1000 1895 1061 caesuia
1921 1000 2081 1060 beno
2108 997 2371 1075 Gaiano]
2402 996 2703 1059 historiam

489 1098 806 1160 Suetonius
831 1097 1216 1178 Tranquillus
1237 1099 1572 1178 plenissime
1598 1098 1909 1178 exposuit:
1952 1096 2126 1176 cujus
2154 1116 2264 1156 nos
2292 1104 2704 1175 competentes

484 1196 889 1275 portiunculas
917 1194 1355 1273 decerpsimus!
1431 1196 1551 1258 Sed
1596 1196 1727 1277 quis
1755 1215 1874 1256 non
1902 1195 2139 1255 credere
2162 1192 2325 1253 malit
2349 1192 2462 1271 ipsi
2490 1192 2707 1252 Sueto·

484 1292 586 1351 nio
628 1292 1000 1371 Tranquillo,
1032 1292 1135 1372 qui
1175 1293 1362 1354 aliena
1408 1312 1446 1353 a
1492 1294 1783 1373 germanis
1817 1292 1950 1375 jam
2005 1291 2146 1351 olim
2196 1286 2519 1351 discrevitl
2602 1286 2704 1348 Sic

482 1386 636 1448 enim
667 1389 871 1449 scribit
911 1389 971 1448 in
997 1390 1031 1448 J
1038 1389 1157 1449 ulio
1182 1409 1318 1469 cap.
1347 1389 1446 1452 56.
1501 1399 1521 1425 ⁸
1542 1389 1803 1469 Reliquit
1828 1397 1890 1448 et
1910 1407 2108 1448 rerum
2136 1404 2374 1446 suarum
2401 1402 2706 1445 commen·

485 1484 682 1555 tarios,
716 1484 957 1558 Gallici,
986 1484 1307 1565 Ciuilisque
1335 1486 1475 1549 belli
1500 1486 1861 1568 Pompeiani.
1919 1488 2077 1549 Nam
2106 1481 2514 1556 Alexandrini,
2544 1479 2707 1540 Afri-

483 1581 681 1662 cique,
717 1592 781 1643 et
825 1582 1244 1661 Hispaniensis,
1296 1584 1557 1646 incertus
1608 1593 1817 1645 auctor
1855 1591 1968 1644 est.
2076 1580 2195 1643 Alii
2238 1580 2396 1640 enim
2434 1577 2705 1658 Oppium

487 1686 735 1757 putant;
794 1679 893 1739 alii
921 1679 1198 1754 Hirtium,
1222 1680 1322 1760 qui
1348 1681 1526 1743 etiam
1555 1681 1770 1743 Gallici
1798 1679 1940 1741 belli
1975 1675 2364 1739 'novissimum
2391 1673 2708 1755 imwrfec-

487 1784 734 1854 tumque
777 1775 996 1836 librum
1025 1776 1355 1855 supplevit?
1423 1778 1600 1847 Qnod
1628 1779 1680 1838 si
1722 1776 1855 1857 quis
1888 1794 2006 1837 non
2050 1774 2222 1836 audit
2247 1772 2706 1851 Tranquillum:

482 1880 546 1931 at
573 1871 775 1931 Tullio
819 1870 1040 1943 credat,
1088 1872 1423 1953 Hirtioque,
1467 1893 1719 1953 quorum
1764 1875 1947 1935 verba
1985 1870 2367 1952 Tranquillus
2416 1869 2706 1930 continuo

483 1968 811 2047 subjungit.
871 1969 1072 2030 Fidem
1101 1970 1239 2030 item
1268 1970 1486 2033 habeat
1511 1970 1815 2044 Straboni,
1846 1970 1949 2050 qui
1981 1968 2145 2030 initio
2162 1967 2300 2029 libri
2323 1982 2417 2027 lv.
2444 1966 2711 2029 advocat

479 2067 860 2145 ὑπομνήματα
889 2069 1046 2127 θείου
1074 2068 1384 2147 Καίσαρος,
1411 2067 1452 2129 ἰ.
1474 2088 1529 2128 e.
1579 2069 2034 2129 Commentarios
2062 2066 2186 2128 divi
2215 2062 2493 2127 Caesart's.
2553 2065 2704 2125 Item

482 2160 824 2235 Plutarcho,
870 2163 1131 2243 quando,
1173 2184 1309 2244 quae
1349 2184 1423 2225 ex
1466 2165 1718 2226 Caesaris
1745 2165 1820 2226 de
1864 2164 2020 2225 bello
2046 2161 2224 2224 Civili
2263 2161 2707 2224 commentariis

482 2258 646 2329 citat,
675 2277 744 2318 ea
772 2258 1072 2339 hodieque
1115 2261 1202 2322 ,ibi
1245 2262 1539 2342 leguntur.
1582 2273 1597 2283 ‘
1618 2261 1715 2322 Ad
1764 2263 1896 2322 haec
1925 2259 2221 2321 veteribus
2250 2258 2453 2320 credat
2492 2258 2710 2319 Gram-

482 2354 734 2428 maticis,
765 2355 970 2436 quiex
997 2358 1427 2420 commentariis
1471 2359 1593 2419 istis
1606 2378 1752 2437 quae
1792 2356 2122 2428 adducunt,
2152 2356 2371 2417 Caesari
2412 2354 2706 2431 tribuunt,

479 2470 599 2514 non
626 2452 813 2514 alteri.
887 2454 1162 2526 ,Quare-a
1189 2454 1469 2520 Carrione
1496 2453 1736 2536 quidem
1766 2453 1973 2515 merito
1999 2452 2272 2515 dissentit
2292 2451 2531 2533 Lipsius
2550 2450 2707 2520 libro

479 2547 672 2630 Epist.
725 2552 1053 2621 Quaestion.
1109 2569 1191 2614 ιι..
1241 2563 1303 2616 2.
1343 2563 1407 2614 et
1446 2552 1689 2614 Modius
1733 2553 1794 2613 iu
1836 2550 2230 2631 Novantiquis
2273 2551 2447 2631 epist.
2478 2557 2622 2614 30.:
2673 2545 2709 2612 a

484 2645 706 2708 Sabino
733 2658 927 2710 autem
956 2650 1254 2732 discrepat
1294 2652 1659 2712 Camerarius
1685 2650 1852 2712 initio
1882 2650 2168 2711 Notarum
2197 2649 2257 2709 in
2296 2664 2408 2709 ιιι.
2438 2647 2517 2710 de
2546 2649 2707 2710 bello

486 2742 681 2806 Civili.
726 2745 876 2806 Haec
903 2767 977 2806 eo
1017 2747 1180 2821 dico,
1206 2767 1280 2808 ne
1308 2747 1623 2818 Carrionis,
1654 2755 1758 2808 aut
1799 2746 2044 2820 Floridi,
2077 2756 2184 2806 aut
2230 2744 2463 2807 alterius
2503 2747 2706 2826 cujus»

485 2858 667 2922 quam
706 2841 1002 2918 judicium
1043 2841 1121 2904 ab
1159 2845 1412 2906 lectione
1472 2845 2038 2907 Commentariorum
2088 2842 2343 2904 Caesaris'
2384 2842 2710 2905 absterreat

472 2931 892 3015 juventutem:
938 2959 1096 3018 quae,
1123 2940 1536 3019 prohdolor!
1595 2942 1737 3004 satis
1765 2941 2102 3021 infrequens
2129 2951 2223 3002 est
2246 2939 2307 3000 in
2344 2939 2706 3026 nobilissimo

478 3040 665 3114 atque
712 3034 1116 3097 adeodivino
1146 3036 1261 3097 boc
1306 3038 1615 3117 scriptore.
1701 3040 1824 3100 Aut
1865 3037 1915 3098 si
1943 3037 2156 3119 quibus
2198 3036 2257 3096 in
2306 3037 2580 3098 manibus
2610 3037 2706 3112 sit,

485 3128 646 3190 haud
673 3130 800 3205 alio>
819 3131 1021 3214 legunt
1049 3129 1189 3205 fine,
1219 3151 1399 3212 quam
1423 3133 1505 3192 ob
1522 3132 1793 3194 eximiam
1815 3136 2103 3196 Romanae
2130 3133 2346 3214 linguae
2365 3134 2707 3213 puritatem,

481 3226 918 3308 verborumque
970 3228 1387 3309 proprietatem
1438 3251 1765 3293 summam:
1835 3251 2023 3313 super-
2067 3251 2187 3311 quo
2241 3240 2377 3292 ante
2431 3252 2543 3292 nos
2585 3251 2705 3292 non

480 3325 661 3385 ”mel
689 3326 903 3394 summi
931 3327 1040 3386 viri
1067 3337 1204 3389 sunt
1229 3329 1560 3408 conquesti.
1644 3330 1801 3392 Sane
1827 3349 1901 3389 ex
1952 3349 2025 3390 eo
2049 3326 2283 3389 haurire
2311 3336 2402 3389 est
2434 3325 2712 3391 maxima-

477 3440 611 3483 rum
637 3433 701 3484 et
730 3424 1159 3486 utilissimarum
1187 3445 1380 3485 rerum
1411 3425 1690 3506 copiam:
1747 3445 1926 3506 quam
1952 3425 2054 3506 qui
2087 3426 2398 3487 verborum
2419 3425 2709 3508 elegantia

479 3521 745 3583 contenti
773 3521 1100 3603 negligunt,
1133 3523 1324 3583 minus
1352 3523 1527 3584 etiam
1553 3524 1750 3604 pueris
1778 3523 2038 3604 sapiunt,
2069 3523 2172 3603 qui
2203 3543 2507 3604 nunquam
2535 3525 2619 3586 ita
2646 3545 2707 3589 se

432 3659 452 3678 x
477 3615 701 3680 arboris
726 3615 1036 3680 frondibus
1063 3618 1471 3693 oblectabunt,
1502 3631 1570 3681 ut
1589 3621 1853 3702 egregios
1879 3620 2010 3699 ejus
2038 3620 2266 3682 fructus
2296 3630 2705 3688 contemnant.

476 3709 658 3784 Quod
708 3713 757 3772 si
807 3714 951 3793 quid
993 3714 1052 3774 iu
1101 3716 1464 3778 nobilissimo
1509 3720 1795 3799 scriptore
1837 3716 2198 3798 culpandum
2252 3717 2542 3793 videatur,
2586 3715 2701 3782 boc

476 3827 660 3874 unum
689 3809 828 3871 inud
861 3810 1056 3886 fuerit,
1086 3813 1295 3894 quod
1280 3835 1338 3874 ιιι
1370 3817 1457 3889 iis,
1489 3836 1626 3896 quae
1643 3815 1781 3893 jure
1808 3817 2035 3895 optimo
2063 3826 2421 3877 verterentur
2448 3815 2505 3875 ei
2535 3809 2701 3896 vitio,

481 3905 912 3986 Harpocratem
958 3918 1095 3988 agat
1148 3910 1239 3971 vel
1285 3912 1653 3991 Sigaleonem
1700 3913 2240 3994 AEgyptium.1ta
2294 3914 2351 3978 in
2400 3911 2579 3973 tertio
2632 3911 2709 3972 de

479 4002 637 4068 bello
659 4005 828 4067 Civili
859 4006 1389 4085 (quemadmodum
1415 4024 1474 4069 et
1503 4011 1662 4090 apud
1697 4010 1978 4086 Hirtium)
1994 4010 2176 4072 altum
2207 4010 2284 4073 de
2303 4031 2377 4071 eo
2406 4009 2703 4072 silentium

472 4109 585 4175 est,
617 4105 781 4182 quod
811 4104 1053 4165 Caesar
1035 4123 1096 4164 ιιι
1125 4105 1271 4166 urbe
1309 4108 1704 4169 Alexandrina
1731 4107 2015 4188 adversus
2044 4107 2201 4169 cives
2226 4107 2522 4208 pugnans,
2549 4115 2615 4168 ut
2640 4125 2702 4168 se

469 4203 760 4275 tueretur,
802 4199 864 4264 in
903 4219 1085 4268 naves
1120 4200 1375 4290 j‘uuerlt
1408 4204 1606 4288 iguem
1658 4204 1925 4281 immitti,
1960 4225 2081 4296 qua
2116 4203 2351 4270 flamma
2378 4212 2441 4267 et
2478 4191 2702 4276 navaffi
