3017 4925
883 390 985 439 ιη
1026 388 1209 437 vrrs
1253 387 1457 437 sum
1506 386 1861 438 οΔςειΑιιιε.
2298 371 2475 464 uest

251 519 633 600 victoriisque
696 526 821 580 tam
872 519 1071 580 multis
1123 519 1516 580 Romanorum
1570 517 1862 597 pudorem
1890 515 2304 595 inexpiabilem
2329 537 2474 602 con-5

252 618 512 698 cepisse:
564 617 771 677 neutri
788 616 1007 695 jugum
1035 616 1186 676 ferre
1216 615 1591 695 propositum
1621 636 1769 674 esse.
1855 614 2124 692 Denique
2155 613 2337 676 videri
2359 615 2474 678 sibi

253 734 369 780 nnn
390 733 581 793 pme
604 713 739 774 sine
770 733 977 793 magna
1007 734 1191 774 causa
1214 714 1616 791 Ambiorigem
1645 712 1758 772 ista
1781 712 2110 772 consulere.
2181 713 2480 774 Caeterum

252 831 638 892 monaque
696 811 774 870 illi
823 812 897 872 sit
940 831 1142 881 mens;
1196 812 1509 888 consilium
1557 811 1752 890 ipsum
1798 810 2058 888 undique
2107 819 2302 872 tntum
2348 829 2474 872 esse

252 928 439 988 posse,
470 908 534 967 in
560 929 735 968 mora
754 908 977 987 aliquid
1006 909 1453 989 expugnationis
1473 918 1579 969 aut
1604 907 1967 978 obsidionis;
2001 907 2062 966 in
2081 906 2342 968 discessu
2368 925 2473 966 au÷

252 1018 365 1068 tem
390 1007 631 1066 nullum
677 1026 920 1085 prorsus
949 1026 1076 1066 esse
1102 1005 1457 1085 periculum:
1504 1004 1636 1086 [91]
1684 1025 1818 1064 nam
1848 1006 1896 1063 si
1927 1004 2067 1063 nihil
2096 1002 2358 1084 ambigui
2381 1002 2475 1076 sit,

251 1121 349 1166 eos
373 1103 453 1178 ad
481 1104 829 1184 proximam
856 1103 1149 1180 legionem
1174 1112 1306 1164 tuto
1323 1091 1471 1163 calle
1495 1112 1792 1174 venturos,
1821 1103 2044 1162 nullum
2065 1121 2338 1180 passuros
2366 1099 2475 1160 nisi

252 1200 485 1262 unicum
515 1201 637 1259 viae
669 1200 860 1261 brevis
885 1197 1351 1260 incommodum.
1421 1198 1525 1260 Sin
1556 1207 1620 1259 ut
1645 1219 1746 1259 sua
1769 1200 1944 1259 ferret
1964 1199 2182 1278 opini0,
2213 1207 2474 1278 metuen-

249 1296 385 1358 dum
414 1297 661 1377 aliquid
712 1299 969 1368 instaret,
1018 1296 1241 1356 nullum
1267 1317 1395 1360 esse
1420 1297 1580 1358 aliud
1634 1317 1808 1376 quarn
1857 1297 1915 1354 in
1940 1295 2251 1356 velocitate
2295 1315 2479 1373 remeg-

250 1392 443 1455 dium:
492 1396 587 1455 sic
624 1395 721 1454 vel
760 1415 878 1455 non
926 1394 1195 1455 inutilem
1221 1403 1401 1467 certe.
1453 1388 1544 1456 vel
1587 1395 1950 1479 utilissimam
1995 1412 2118 1453 esse
2161 1390 2476 1470 profectio·-

249 1511 413 1554 nem:
460 1513 706 1554 moram
754 1494 844 1553 vel
890 1494 1170 1572 prasenti
1216 1493 1532 1553 discrimini
1581 1491 1898 1558 obnoxiam
1948 1490 2037 1549 vel
2086 1489 2285 1549 futuro
2310 1490 2344 1546 τ’
2385 1487 2474 1547 his

253 1589 427 1656 Cotta
476 1592 793 1669 curtesque
835 1591 941 1652 viri
986 1590 1085 1651 alii
1130 1589 1412 1650 acerrime
1460 1589 1824 1649 resistebant.
1909 1589 2473 1666 Itaquecrescente

248 1685 430 1766 litigio
479 1687 769 1748 Titurius
821 1686 881 1746 in
931 1686 1217 1766 collegam
1266 1685 1742 1766 indignabundus
1794 1685 2108 1754 exclamat,
2152 1683 2234 1743 sic
2283 1690 2348 1742 ut
2394 1680 2471 1742 ab

252 1785 522 1848 omnibus
553 1784 882 1858 audiretur,
910 1792 971 1842 et
1000 1789 1017 1816 ‘
1041 1782 1293 1860 vincite,’
1316 1783 1412 1852 ait,
1450 1782 1530 1841 ‘si
1558 1783 1795 1842 omnino
1825 1783 1910 1842 sic
1937 1792 2028 1841 est
2057 1781 2324 1842 animus:
2350 1797 2475 1839 non

250 1899 375 1946 un
402 1901 523 1961 ego
567 1882 676 1959 qui
705 1880 886 1959 magis
917 1899 1096 1959 quam
1124 1900 1227 1940 vos
1254 1899 1455 1939 omnes
1485 1890 1732 1940 mortem
1761 1879 2029 1940 timeam:
2074 1877 2194 1938 sed'
2217 1882 2351 1956 ¹⁵(et
2383 1900 2478 1940 os-

253 1978 438 2040 tendit
466 1978 717 2054 milites)
744 1978 825 2038 ‘si
854 1977 998 2057 quid
1026 1977 1264 2039 advenit
1289 1978 1537 2049 adversi,
1556 1998 1594 2037 a
1612 1986 1671 2038 te
1699 1977 1936 2055 exigent
1961 1976 2274 2036 rationem:
2308 1977 2472 2056 quod

252 2073 301 2135 si
323 2085 386 2134 tu
415 2075 785 2155 permiseris,
834 2094 963 2136 cras
1006 2076 1123 2136 suis
1167 2073 1661 2136 commilitonibus
1689 2073 1994 2152 conjuncti
2019 2082 2080 2132 et
2122 2093 2183 2133 se
2210 2072 2473 2151 periculo

251 2173 584 2234 exemerint
609 2184 671 2232 et
699 2191 807 2233 suo
854 2174 977 2232 illos
1015 2173 1273 2233 adventu
1307 2172 1609 2233 effecerint
1638 2173 1913 2232 tutiores:
1956 2170 2226 2249 alioquin
2252 2169 2473 2249 disgre-

253 2270 366 2349 gari
394 2290 431 2330 a
465 2270 614 2339 suis,
653 2278 759 2329 aut
786 2268 950 2329 samis
976 2280 1078 2330 aut
1107 2269 1242 2330 ferri
1271 2271 1520 2330 subituri
1550 2273 1727 2330 sunt.'
1807 2269 2061 2348 Rapitur
2085 2268 2308 2329 interea
2335 2289 2475 2332 con·-

254 2366 442 2448 silinm
466 2388 486 2427 ε
531 2365 745 2426 milites
789 2375 1099 2447 utrumque
1139 2366 1546 2439 circumstant,
1573 2367 1904 2437 obsecrant,
1949 2375 2057 2426 ‘ne
2099 2385 2206 2426 sna
2245 2365 2474 2425 dissen-

255 2464 417 2525 sione
469 2464 801 2543 periculum
848 2462 1089 2535 faciant,
1120 2464 1219 2525 ubi
1266 2464 1594 2545 pericnlum
1641 2485 1760 2525 non
1799 2474 1928 2525 ests
1969 2485 2077 2524 seu
2125 2464 2472 2525 abeant.seu

255 2573 409 2624 stent
440 2571 579 2622 tuta
606 2581 735 2621 esse
781 2561 991 2633 omnia,
1041 2561 1223 2623 modo
1270 2563 1361 2624 sui
1410 2562 1597 2623 duces
1645 2581 1824 2625 unum
1849 2560 2141 2620 sentiant:
2187 2567 2395 2619 contra
2423 2559 2473 2617 si

256 2657 615 2723 dissentiant
658 2667 845 2718 tutum
893 2678 1023 2719 esse
1061 2659 1250 2723 nihil:
1332 2658 1497 2729 Quid
1549 2657 1759 2728 multa3
1802 2656 1877 2715 ad
1935 2654 2185 2716 mediam
2234 2663 2472 2729 noctem

257 2755 561 2837 vigilando
607 2767 672 2817 et
716 2755 1106 2834 disceptando
1152 2775 1242 2816 res
1293 2755 1716 2817 trahitur.1n
1755 2772 1875 2831 qua
1917 2750 2164 2831 quidem
2189 2750 2474 2811 curiosior

252 2851 475 2914 herim
499 2852 751 2914 fortasse
779 2872 957 2933 quam
985 2852 1184 2926 debui,
1214 2861 1276 2913 et
1296 2852 1495 2933 potui,
1513 2851 1718 2920 fateor,
1749 2850 1842 2911 vel
1870 2869 1991 2909 rem
2019 2857 2210 2911 totam
2235 2856 2478 2928 praeten-

261 2949 508 3020 mittere,
538 2949 632 3011 vel
660 2950 843 3010 multo
867 2950 1243 3030 paucioribus
1265 2951 1679 3031 perstringere:
1709 2947 1808 3009 sed
1840 2947 2022 3008 deum
2045 2953 2228 3006 testor
2251 2944 2472 3007 miseris

260 3047 603 3108 hominibus
633 3046 707 3106 de
735 3047 932 3109 futuro
979 3048 1474 3121 consultantibus,
1505 3057 1570 3108 et
1611 3065 1824 3126 magno
1862 3046 1921 3103 in
1947 3042 2224 3121 ambiguo
2251 3042 2472 3103 consti·

262 3145 427 3219 uuis,
456 3164 573 3225 ego
602 3145 702 3223 qui
729 3145 951 3221 exitum
978 3147 1061 3207 rei
1086 3146 1230 3217 scio,
1260 3166 1385 3209 non
1410 3146 1578 3218 aliter
1605 3141 1922 3205 scribendo
1952 3158 2293 3218 compassus
2319 3159 2469 3215 sum,

264 3260 438 3321 quam
466 3241 516 3301 si
544 3240 742 3301 futura
781 3262 939 3303 nunc
965 3242 1141 3303 etiam
1168 3243 1413 3322 res-ipsa
1458 3249 1519 3301 et
1565 3250 1738 3302 notus
1785 3239 1924 3300 mibi
1966 3235 2307 3315 miserabilis
2335 3236 2469 3297 finis

262 3347 433 3411 esset,
464 3337 568 3397 cui
590 3356 900 3397 occurrere
944 3357 1053 3398 nec
1085 3338 1334 3401 consilio
1361 3358 1604 3418 possem
1631 3357 1741 3397 nec
1768 3335 2014 3397 auxilio:
2058 3353 2128 3394 ea
2175 3353 2268 3392 me
2310 3353 2478 3403 com-,

263 3434 459 3513 passio
511 3433 735 3494 diutius
784 3452 966 3513 qnam
1006 3434 1281 3496 volebam
1324 3432 1382 3494 in
1432 3436 1545 3495 hac
1591 3434 1922 3495 narratione
1968 3429 2246 3490 detinuit:
2293 3449 2470 3508 quam

266 3531 369 3595 tibi
419 3551 460 3591 o
512 3530 706 3591 lector
752 3530 837 3590 sic
883 3532 1159 3611 expedio.
1238 3532 1511 3594 Tandem
1559 3551 1700 3610 ergo
1749 3550 1870 3590 non
1918 3529 2140 3589 ratione
2186 3524 2467 3607 ¹⁶collega
2549 3510 2562 3527 ’

263 3629 587 3707 pertinacia
612 3627 807 3687 victus
849 3629 1029 3689 Cotta
1074 3629 1399 3691 consentit:
1441 3637 1503 3705 et
1556 3626 1720 3709 quod
1769 3627 2046 3687 crebrum
2083 3627 2143 3687 in
2196 3626 2469 3701 consiliis,

263 3742 392 3803 pars
416 3723 684 3785 deterior
712 3722 1009 3791 meliorem
1034 3725 1240 3786 vincit:
1284 3725 1655 3804 ediciturque
1694 3723 1972 3797 militibus
2019 3723 2286 3799 diluculo
2329 3744 2469 3803 pro-

264 3821 554 3885 faemos:
599 3840 794 3899 neque
842 3831 1037 3883 tamen
1085 3823 1278 3884 noctis
1327 3823 1491 3903 quod
1536 3830 1840 3903 supererat
1865 3840 2068 3883 somno
2095 3821 2326 3893 datum,
2366 3821 2468 3881 sed

265 3918 641 3981 adauroram
672 3938 857 3997 usque
886 3918 1188 3998 vigilatum
1232 3932 1340 3992 est,
1382 3920 1697 4000 occupatis
1737 3918 2008 3979 omnibus
2053 3919 2216 3996 quod
2259 3919 2467 3978 efferre

267 4034 463 4077 tecum
513 4024 767 4095 possent
810 4014 957 4093 quid
1005 4017 1325 4096 relinquere
1373 4025 1743 4107 cogerentur.
1827 4018 1962 4095 [92]
2044 4014 2165 4076 Ubi
2209 4015 2462 4093 primum

264 4108 447 4175 illuxit
491 4111 709 4173 castris
735 4106 1109 4189 egrediuntur
1149 4114 1354 4186 securi,
1384 4113 1549 4193 quasi
1592 4112 1898 4174 consilium
1940 4109 2199 4171 obeundi
2227 4129 2344 4170 non
2384 4110 2463 4169 ab

872 4262 929 4308 1⁶
963 4258 1134 4325 Adde,
1153 4260 1361 4315 ιιι-ιιι
1387 4261 1881 4329 1²oeme
