3017 4925
1019 408 1336 461 NOTITIA
1381 407 1707 460 cani-12.
2280 392 2459 462 ΜΒ

350 552 745 622 emmelim.
818 555 900 622 In
941 554 1208 623 Nomia
1249 555 1780 633 vaindm,
1828 560 1898 621 ot
1937 555 2008 621 in
2048 553 2224 620 libne
2267 554 2456 623 Fisoi
2562 628 2565 631 .

269 658 538 728 Romani
568 661 1009 730 Curiosolitae.
1088 657 1512 727 Comouaille.

227 806 233 811 ·
341 760 728 830 Eburovices.
759 761 1074 829 I’Eveschfi
1102 762 1425 829 d’Evreux
1452 785 1529 829 en
1564 759 1964 831 Normandie.

341 864 594 935 Elaver.
652 865 888 934 Αἰλίαν.
978 868 1224 952 Ingens
1251 870 1519 945 fluvius,
1549 870 1664 953 qui
1690 867 1910 952 In‘gveri
1937 868 2293 953 excipitur.

338 968 637 1037 Elusates.
726 971 839 1038 lta
879 971 1248 1055 legendum,
1297 991 1430 1037 non
1491 967 1821 1039 Flauum.
1907 971 2087 1038 Vide
2140 972 2461 1039 lentim

264 1070 690 1139 AusonianaS.
778 1070 884 1137 La
917 1070 1068 1139 ville
1095 1072 1328 1138 d’Euse
1357 1095 1434 1137 m
1475 1071 1825 1159 Gascogne.
1916 1073 2099 1140 Hinc
2142 1075 2460 1141 oriundus

263 1181 389 1242 erat
412 1174 719 1242 Ruffinus
762 1178 876 1242 ille
921 1181 1296 1262 praepotens
1339 1176 1688 1242 insidiator
1729 1177 1996 1261 imperii
2035 1176 2344 1258 Romani,
2388 1179 2459 1247 in

262 1297 442 1362 quem
466 1285 699 1347 extant
724 1281 860 1347 duo
886 1283 1295 1358 στηλιτωτικὰ
1318 1278 1636 1365 poemata
1662 1278 2037 1346 Claudiani.
2102 1279 2214 1345 *In
2240 1286 2455 1366 piore

263 1380 348 1447 ia
373 1382 684 1467 legimus:

588 1491 609 1519 ‘
640 1485 913 1553 Invadit
938 1507 1160 1553 muros
1189 1486 1439 1566 Elusae,
1467 1486 1822 1551 notissima
1848 1484 2099 1553 dudum

636 1587 854 1656 Tecta
873 1586 1153 1674 petens:

260 1688 446 1772 Quod
470 1692 647 1757 enim
689 1692 918 1759 media
954 1694 1216 1779 syllaba
1243 1693 1665 1777 corripiatur,
1705 1694 2168 1779 pronunciatio
2194 1692 2458 1760 Vaccu-

259 1793 401 1859 nica
440 1790 512 1859 id
544 1794 858 1876 ostendit,
889 1816 1044 1881 quae
1092 1795 1328 1875 Elusa,
1357 1801 1678 1880 tanquam
1722 1794 1887 1861 Elsa·
1908 1796 2116 1863 effert.
2206 1795 2391 1861 Nan
2419 1795 2459 1863 Ι

258 1903 394 1965 ante
422 1895 933 1978 Consonantem,
977 1918 1108 1965 non
1149 1900 1364 1965 solum
1392 1898 1746 1965 Vascones
1790 1901 1861 1966 in
1905 1900 1973 1965 U
2002 1921 2260 1986 semper
2302 1918 2459 1964 con-

259 2004 522 2079 vertunt,
549 2000 673 2067 sed
719 2006 787 2065 et
814 2001 1079 2080 Franci,
1110 2007 1177 2066 et
1219 2003 1434 2088 major
1460 2020 1621 2087 pars
1648 2002 2063 2069 Teutonismi
2106 2001 2463 2068 inferioris.

260 2099 386 2182 Qui
416 2103 761 2170 Flussates
789 2105 1112 2188 legebant,
1146 2104 1457 2169 dicebant
1482 2125 1633 2170 esse
1656 2104 2059 2172 Comitatnm
2088 2105 2171 2170 de
2201 2104 2458 2170 Fuxio:

257 2212 318 2270 et
352 2205 476 2272 hoc
516 2214 788 2293 stupore
816 2228 941 2274 suo
989 2214 1451 2294 persuaserunt
1477 2209 1718 2275 illustri
1746 2213 1891 2277 viro
1932 2229 2170 2275 nomen
2195 2206 2272 2272 de
2304 2205 2464 2273 Fcis·

258 2306 322 2373 in
348 2309 722 2376 Flussatem
747 2311 1084 2377 recudere:
1134 2331 1273 2396 quo
1300 2311 1465 2377 nihil
1484 2311 1853 2377 absurdius,
1942 2313 2125 2378 Nam
2151 2311 2335 2378 aliud
2362 2318 2467 2378 est

260 2409 644 2482 Franciscus
687 2416 769 2481 de
799 2415 1064 2496 Flussa,
1104 2415 1288 2481 aliud
1330 2413 1735 2481 Franciscus
1775 2415 2077 2482 FlussaS.
2167 2414 2350 2480 Nam
2379 2415 2465 2482 de

260 2513 489 2584 nassa
515 2526 698 2585 esset
725 2540 952 2585 verum
994 2539 1361 2604 cognomen
1394 2519 1692 2584 familiae.
1780 2519 1919 2584 Sed
1968 2519 2245 2583 Flussas
2289 2525 2468 2584 esset

256 2635 483 2685 nomen
528 2622 847 2688 nationis,
937 2621 1179 2707 Itaque
1225 2620 1633 2687 Franciscus
1679 2621 1959 2687 Flussas
1989 2625 2166 2686 esset
2201 2621 2467 2688 natione

260 2719 550 2804 mussas,
607 2745 742 2789 non
804 2725 887 2790 de
930 2724 1189 2790 familia
1238 2724 1322 2790 de
1367 2724 1636 2792 Flussa.
1726 2725 1863 2792 Sed
1910 2725 2154 2791 Flussa
2200 2742 2337 2790 non
2365 2728 2469 2790 est

259 2819 425 2891 Foir.
479 2828 668 2893 Nam
698 2828 767 2893 id
793 2835 969 2894 esset
1002 2826 1318 2907 Foxium,
1351 2834 1467 2898 aut
1490 2828 1673 2894 aliud
1703 2828 1977 2914 quidvis
2006 2829 2232 2914 potius
2262 2843 2468 2912 quam

338 3029 603 3099 Gabali.
671 3032 766 3099 Le
787 3055 949 3122 pays
977 3032 1053 3098 de
1086 3031 1481 3100 Givauldan.
1537 3035 1908 3102 Marlianus
1938 3035 2104 3100 dicit
2133 3033 2469 3119 quondam

255 3129 454 3201 fuisse
502 3140 873 3221 provinciae
916 3138 1380 3220 Biturioensis,
1426 3159 1607 3206 nunc
1661 3159 1824 3205 vero
1881 3139 2244 3256 provincioe
2302 3133 2470 3201 Are-

257 3231 541 3304 latensis.
647 3237 839 3305 Certe
884 3249 951 3307 et
997 3261 1172 3307 nunc
1217 3262 1488 3327 quoque
1545 3249 1647 3309 est
1694 3240 2063 3332 provinciae
2096 3217 2473 3304 Biturioen-

257 3338 366 3403 sis.
442 3341 578 3406 Sed
608 3343 772 3408 inter
800 3342 1129 3425 Gabalos,
1168 3350 1237 3411 et
1257 3347 1671 3432 provinciam
1692 3346 2211 3410 Arelatensem‘
2233 3340 2470 3423 Longa

258 3444 483 3528 procul
534 3445 754 3529 longis
812 3448 928 3514 via
977 3448 1216 3515 dividit
1269 3449 1452 3516 invia
1509 3448 1743 3515 tertis!
1855 3446 1945 3512 Et
1994 3444 2276 3510 ridicula
2319 3447 2472 3508 sunt

343 3647 696 3717 Garumna.
771 3653 1036 3722 Retinet
1073 3677 1312 3730 nomen
1338 3677 1623 3741 semper,
1672 3653 1791 3721 sed
1818 3653 2140 3736 integrum
2170 3670 2214 3717 a
2251 3651 2472 3736 capite

262 3751 341 3815 ad
387 3755 699 3823 Blaviam
750 3757 1078 3838 Castrum,
1126 3761 1243 3825 nbi
1289 3760 1516 3843 lingua
1567 3756 1895 3821 Francica
1939 3755 2200 3839 incipit.
2287 3753 2475 3821 Nam

261 3857 406 3920 tunc
454 3878 582 3943 pro
638 3856 961 3940 Gammae,
1003 3862 1249 3928 dicitur
1293 3861 1621 3940 Geronde,
1675 3868 1743 3925 et
1790 3857 2093 3924 Gironde.
2181 3857 2361 3924 Vide
2405 3860 2476 3924 in

263 3953 597 4027 Tribunali
627 3962 970 4030 Tolosano
997 3966 1064 4030 in
1095 3964 1386 4032 Civitate
1415 3964 1831 4030 Mimatensi.
1898 3963 2180 4048 Excipit
2205 3959 2475 4042 navige-

263 4076 367 4124 ros
391 4063 633 4130 fluvios
661 4065 956 4147 Tarnim,
990 4068 1045 4132 le
1083 4066 1302 4132 Tam.-
1347 4068 1598 4146 Olioen,
1630 4068 1775 4133 sive
1806 4066 2076 4145 Oldurn,
2112 4059 2329 4138 Oolde,
2358 4069 2478 4127 aut

263 4178 409 4229 cum
432 4168 717 4235 articulo
746 4167 1036 4235 wolde.-
1087 4173 1464 4239 Dua-amum
1484 4168 1818 4251 Ausonio,
1850 4168 2262 4244 Dordonian
2291 4163 2475 4247 apud

267 4260 648 4353 GneCorium
718 4271 1194 4355 Turonensem,
1236 4273 1304 4340 Ia
1335 4271 1703 4361 Dor-dogne,
1740 4292 1943 4339 unum
1983 4291 2074 4337 ex
2111 4265 2478 4353 praecipuis
