3017 4925
477 365 655 442 1740
1126 385 1185 437 s.
1231 385 1447 436 cenet
1494 377 2072 435 nonnum-nnn·

482 551 551 603 ut
592 540 840 602 urbibus
868 547 1049 619 atque
1076 534 1273 617 opidis
1315 537 1457 597 ”de
1484 536 1689 598 electis
1717 537 2000 615 conjuges
2021 533 2294 615 filiosque
2321 541 2382 594 et
2411 528 2706 613 'quicquid

480 639 566 700 eis
593 657 793 698 carum
815 647 973 697 esset
994 637 1050 696 in
1073 635 1254 706 silvis,
1277 655 1413 714 quae
1441 636 1740 695 immensae
1769 636 1881 694 illis
1910 643 2095 704 crant,
2122 631 2552 693 reconderent.
2595 629 2707 690 vin

484 755 686 797 onmes
732 737 814 768 ¹⁰⁰
823 735 1269 813 armiportantes
1299 743 1465 793 certo
1490 732 1626 793 loco
1671 732 1955 793 ''Suevae
1941 751 2000 790 in
2049 730 2246 791 medio
2283 750 2358 789 ex
2397 728 2558 789 omni
2595 747 2709 787 una

482 833 663 914 dique
691 832 919 912 regione
949 830 1351 891 confluerent:
1395 830 1478 889 ibi
1504 832 1795 890 Caesarem
1826 837 2228 909 expectarent,
2270 827 2518 907 acieque
2557 844 2709 886 con-

481 929 766 1011 fligerent.
850 932 1053 992 Caesar
1078 939 1295 1000 antem,
1339 933 1554 1008 ²quum
1585 939 1778 989 tamen
1807 929 2026 998 nescio,
2052 927 2154 987 sed
2186 927 2447 1006 opinioni
2469 935 2703 986 tuntum

480 1029 669 1089 virum
695 1029 776 1089 nil
805 1029 929 1088 sine
957 1039 1119 1088 certa
1158 1028 1430 1100 voluisse,
1479 1038 1790 1088 contentus
1818 1028 1876 1087 in
1903 1046 2160 1106 presens
2204 1026 2314 1085 ὀᾶ
2347 1045 2457 1085 suo
2487 1024 2700 1083 Vibios

480 1126 789 1187 obsidione
817 1126 1129 1187 liberasse:
1173 1145 1245 1186 ac
1291 1127 1483 1205 reipsa
1509 1127 1831 1187 ostendisse
1859 1126 2185 1196 Germanis,
2230 1124 2422 1184 Rheni
2453 1123 2704 1182 transitu

484 1226 802 1293 Romanos,
846 1244 1037 1303 neque
1080 1235 1243 1284 metu
1286 1245 1478 1303 neque
1521 1224 1870 1286 difficultate
1915 1224 2238 1304 prohiberi,
2283 1220 2599 1301 quominus
2640 1226 2704 1279 et

480 1321 684 1382 amicis
710 1320 899 1382 ferant
925 1341 1103 1406 opem
1131 1333 1188 1381 et
1218 1324 1488 1383 hostibus
1520 1322 1834 1396 ultionem;
1871 1322 2008 1404 [72]
2036 1342 2152 1383 non
2182 1321 2287 1381 nisi
2314 1320 2526 1380 decem
2557 1327 2702 1378 octo

479 1419 691 1480 diebus
738 1421 884 1479 actis
945 1420 1004 1479 in
1053 1421 1387 1491 Germania,
1432 1419 1606 1481 rediit
1658 1422 1717 1481 in
1773 1420 2040 1492 Gallias3
2127 1427 2491 1499 pontemque
2568 1423 2704 1494 post

480 1526 710 1596 tergum
738 1516 913 1596 fregit
938 1536 1012 1576 ne
1038 1518 1119 1577 ab
1147 1518 1407 1577 hostibus
1437 1518 1819 1596 frangeretur.

569 1614 1198 1676 crescentibus'indies
1228 1615 1393 1675 bellis
1421 1624 1602 1695 atque
1630 1615 1934 1695 periculis3
1988 1615 2292 1674 crescebat
2335 1612 2501 1672 simul
2530 1611 2705 1672 ducis

481 1711 733 1784 animus,
762 1721 823 1772 et
849 1710 914 1771 *a
943 1713 1083 1772 tritu
1106 1712 1269 1772 velut
1293 1732 1502 1773 aurum
1534 1712 1906 1792 splendidior
1925 1712 2126 1785 flebat,
2155 1729 2352 1791 quove
2382 1709 2522 1787 plns
2550 1708 2706 1768 diffi-

480 1808 767 1869 cultatum
790 1830 865 1869 eo
887 1818 948 1870 et
976 1809 1106 1888 plus
1127 1811 1253 1889 spei
1280 1821 1427 1873 erat.
1513 1813 1579 1871 In
1624 1812 1901 1872 omnibus
1931 1810 2177 1890 quidem
2209 1808 2400 1881 bellis,
2420 1826 2557 1887 quae
2589 1819 2700 1885 per

477 1925 610 1967 eum
643 1908 701 1968 in
737 1908 950 1968 Gauiis
970 1908 1054 1968 ad
1105 1909 1163 1968 id
1198 1918 1435 1989 tempus
1453 1919 1621 1990 gestu
1662 1919 1849 1983 erant,
1880 1909 2058 1970 missa
2093 1909 2359 1969 hostibus
2406 1905 2621 1967 auxilia
2663 1923 2701 1964 n

478 2005 772 2065 Britannis
799 2018 1135 2084 agnoverat.
1218 2008 1289 2067 ld
1320 2009 1630 2088 indignans
1645 2009 1722 2069 ad
1749 2029 1851 2068 eos
1878 2009 1960 2068 ire
1988 2007 2300 2088 disposuit.
2385 2007 2462 2065 Et
2490 2022 2700 2083 quam-

479 2102 568 2162 vis
603 2114 926 2165 extremum
956 2105 1086 2182 jam
1135 2115 1368 2186 tempus
1420 2120 1575 2169 esset
1624 2108 1859 2180 aestatiS,
1918 2127 2054 2187 quae
2097 2107 2208 2165 illis
2258 2106 2317 2164 in
2363 2102 2701 2182 regionibus

479 2211 725 2281 propter
750 2201 1031 2263 ⁵vicinam
1079 2204 1516 2283 Septentrionis
1555 2216 1646 2266 est
1683 2205 1946 2275 brevior:
1996 2225 2069 2264 ne
2107 2201 2246 2283 quid
2279 2212 2476 2261 umen
2520 2197 2700 2258 otiosi

477 2299 758 2379 temporis
786 2310 1003 2378 ageret,
1034 2301 1243 2361 insulae
1272 2311 1488 2362 statum
1534 2323 1849 2383 moresque
1888 2302 2190 2362 bominum
2226 2300 2528 2379 explorare
2577 2305 2699 2356 sta·

476 2398 607 2456 tuit.
676 2398 871 2468 Quod
915 2418 1052 2458 cnm
1082 2419 1274 2479 neque
1321 2421 1429 2481 per
1480 2400 1852 2464 ⁶communes
1881 2401 2114 2473 Gallos,
2142 2399 2361 2479 quibus
2415 2397 2550 2456 loca
2597 2394 2698 2454 illa

474 2493 738 2554 nondum
766 2493 967 2575 ’plena
995 2508 1195 2567 erant3
1244 2519 1439 2578 neque
1488 2520 1596 2580 per
1638 2510 1989 2561 mercatores
2044 2499 2222 2578 ipsos,
2272 2496 2376 2575 qui
2419 2514 2538 2555 non
2589 2492 2698 2552 nisi

474 2590 775 2655 ‘lictoreas
806 2604 1007 2665 terras,
1037 2617 1257 2678 easque
1285 2618 1403 2657 non
1446 2619 1671 2670 omnes,
1705 2598 1810 2659 sed
1841 2608 2064 2659 tantum
2106 2594 2325 2657 Galliae
2364 2591 2694 2672 oppositae,

475 2689 742 2763 adibant,
787 2712 907 2752 non
947 2693 1071 2754 fieri
1101 2705 1321 2773 posset,
1358 2696 1587 2773 Gajum
1610 2696 1962 2755 Volusenum
1993 2712 2110 2753 una
2137 2712 2273 2751 cum
2303 2691 2481 2768 longa
2509 2684 2695 2748 navi*

473 2786 574 2845 'eo
616 2788 760 2866 quid
804 2809 978 2869 agere
1025 2793 1166 2851 velit
1212 2792 1372 2852 illum
1419 2793 1495 2852 ad
1540 2802 1903 2853 momentum
1952 2792 2039 2851 ire
2077 2790 2290 2869 jubet:
2335 2796 2398 2847 et
2439 2783 2696 2865 cognitis

474 2880 586 2941 inis
616 2882 771 2963 ⁸⁰qui
794 2887 1074 2963 cognosci
1117 2899 1364 2965 possent
1412 2896 1704 2950 maturum
1747 2889 1842 2949 ille
1881 2889 2133 2949 reditum
2174 2888 2446 2966 imperat.
2532 2882 2692 2943 lsatl

473 2998 605 3038 enm
636 2981 845 3059 quinto
864 2982 1043 3043 rediit
1070 3003 1187 3045 non
1213 3004 1408 3057 ausus,
1438 2997 1507 3048 ut
1534 2986 1794 3059 dicebat,
1827 2986 1884 3045 in
1915 2995 2128 3047 terram
2147 2982 2368 3063 egredi,
2399 3001 2598 3060 neque
2629 3000 2694 3042 sc

473 3073 615 3136 fidei
646 3078 1027 3139 barbarorum
1055 3080 1298 3142 credere
1326 3092 1387 3143 et
1414 3093 1644 3144 tantum
1675 3085 1929 3144 exterius
1959 3084 2079 3143 visa
2107 3081 2466 3143 renuntians.
2542 3080 2692 3139 Haee

469 3174 553 3234 itu
575 3177 898 3235 communis
928 3177 1168 3254 quidem
1189 3178 1370 3239 habet
1387 3180 1660 3241 historia:
1685 3182 1876 3242 habeo
1894 3192 2086 3242 tamen
2104 3200 2221 3239 non
2239 3177 2526 3258 ignobiles
2553 3196 2695 3236 auc-

473 3280 630 3332 tores
649 3273 753 3351 qui
773 3275 1067 3335 Caesnrem
1085 3295 1199 3354 per
1215 3277 1470 3356 seipsum
1497 3292 1702 3358 portus
1729 3290 1793 3341 et
1819 3281 2268 3360 navigationem,
2294 3287 2356 3337 et
2381 3294 2692 3336 accessum

473 3370 547 3430 ud
581 3371 825 3431 insulam
855 3373 1194 3452 explorasse
1222 3374 1601 3437 confirment:
1650 3377 1810 3456 quod
1845 3387 1910 3438 ut
1937 3376 2101 3437 credi
2128 3384 2332 3456 posset
2364 3375 2492 3453 ipse
2520 3372 2692 3432 ducis

471 3468 701 3529 animus
731 3470 873 3530 facit
895 3481 955 3531 et
973 3471 1171 3532 similis
1197 3473 1324 3533 aliis
1353 3474 1413 3534 in
1432 3475 1611 3535 rebus
1632 3475 1900 3537 audacia.
1945 3477 2241 3536 caeterum
2259 3494 2360 3533 seu
2385 3491 2492 3551 per
2509 3470 2691 3531 alium

469 3587 569 3628 seu
593 3588 699 3646 per
723 3589 786 3628 se
808 3569 1076 3648 cognitis,
1100 3591 1235 3649 quae
1262 3574 1540 3652 cognosci
1567 3583 1864 3653 poterant,
1877 3574 2002 3653 ipse
2026 3573 2082 3631 in
2113 3581 2438 3632 extremum
2469 3570 2688 3630 Gauiae

470 3664 768 3744 angulum,
802 3667 958 3727 unde
984 3668 1215 3730 brevior
1235 3670 1296 3732 in
1320 3673 1704 3734 Brittanniam
1729 3683 1820 3733 est
1842 3672 2133 3741 transitus,
2164 3689 2287 3748 quo
2302 3669 2434 3747 jam
2464 3688 2528 3728 se
2551 3687 2690 3728 eum

468 3764 733 3825 exercitu
779 3766 1127 3840 contulerat,
1177 3769 1423 3831 classem
1476 3791 1711 3831 omnem
1766 3767 2035 3829 contrabi
2075 3769 2354 3846 imperat:
2427 3766 2504 3825 Et
2567 3782 2689 3845 qua

532 3966 600 4013 09
633 3964 811 4028 Forte,
843 3965 1210 4017 relicta-1⁰0
1246 3966 1405 4031 Lege,
1426 3981 1565 4016 nrm
1602 3970 1859 4033 portantes.
1860 3969 1953 4015 -1
1993 3965 2154 4029 Lege,
2174 3963 2378 4014 Saevit&
2381 3966 2478 4011 -2
2512 3962 2691 4027 Forte',

464 4058 607 4114 quain
641 4048 800 4094 tamen
836 4047 990 4096 nescio
1025 4046 1081 4096 ob
1121 4062 1327 4108 causant,
1349 4048 1432 4096 sed
1468 4048 1634 4113 opinor
1655 4052 1845 4097 tantum
1866 4048 2020 4097 virum
2042 4047 2228 4096 nasius
2249 4050 2380 4095 certa
2417 4045 2690 4093 rationes—-

465 4129 497 4177 8
533 4125 709 4191 Forte,
723 4128 927 4177 navem
945 4134 1146 4179 sum—4
1183 4129 1343 4193 Lege,
1372 4130 1552 4179 annes
1556 4136 1666 4181 .-5
1701 4131 1861 4194 Lege,
1892 4128 2236 4181 vicinium—6
2269 4127 2430 4190 Lege,
2461 4126 2689 4179 homins.

463 4209 560 4256 -Ὶ
598 4207 772 4272 Forte,
793 4209 1100 4271 mgnum—8
1134 4210 1291 4275 Lege,
1307 4211 1540 4264 littoreas.
1541 4216 1639 4262 -9
1674 4212 1844 4264 Locus
1865 4218 2160 4278 corruptus.
2198 4209 2319 4261 vid.
2338 4210 2470 4261 Caes.
2493 4220 2572 4259 tv.
2595 4208 2678 4261 21.

467 4291 599 4340 -slo
634 4289 792 4356 Lege,
811 4305 934 4356 quoe.
