3017 4925
532 435 711 510 2086
1255 445 1643 502 ascensus
1687 447 2027 502 conicun

621 595 900 678 Interea,
928 593 1011 661 n'e
1036 592 1105 661 in
1131 599 1328 681 portu
1353 587 1769 679 naufragium
1797 595 1943 680 pati
1982 594 2118 661 visi
2160 595 2507 677 fuerimus,
2547 591 2744 678 licent

534 697 860 777 confiteri,
890 717 1014 765 nos
1032 697 1259 764 varios
1284 693 1575 764 Codices
1604 696 2038 782 Virgilianos,
2071 698 2270 765 Bodl.
2295 700 2742 770 Bibliotheca

536 800 798 867 duobus
824 801 937 868 vel
961 797 1171 867 tribus
1196 801 1432 866 abhinc
1459 800 1648 866 annis
1678 805 2127 885 comparatos,
2157 800 2450 869 nondum
2475 805 2552 870 in
2572 803 2747 872 ordi-

535 922 686 969 nem
712 903 1043 983 redactos,
1070 902 1462 987 nuperrime,
1489 902 1689 967 nimis
1724 923 1878 969 vero
1903 902 2304 984 festinanter,
2345 905 2750 991 inspexisse.

543 1004 702 1071 Hos
742 1004 969 1070 forsan
997 1024 1248 1083 omnes,
1276 1004 1345 1068 in
1374 1023 1496 1068 suo
1523 1003 1701 1083 loco,
1736 1003 2119 1087 singulatim
2144 1011 2211 1070 et
2236 1007 2638 1074 nominatim
2656 1028 2754 1075 re-

536 1125 808 1174 censere
830 1108 1125 1173 dandum
1146 1108 1270 1188 sit3
1315 1114 1386 1172 at
1402 1105 1672 1190 quidem
1693 1125 1780 1171 ex
1798 1106 1883 1170 iis
1900 1125 2103 1172 uuum
2119 1109 2243 1172 sub
2266 1108 2536 1174 silentio
2556 1109 2754 1176 etiam

537 1208 648 1276 hic
681 1209 817 1275 loci
844 1210 1178 1294 praeterire
1206 1208 1390 1274 nefas
1416 1213 1623 1289 esset3
1668 1227 1823 1272 cum
1845 1206 2154 1273 nimirum
2195 1209 2256 1273 is
2298 1210 2388 1274 sit
2430 1210 2547 1275 cui
2574 1210 2753 1296 apud

540 1307 961 1378 Britannicos
990 1311 1315 1396 aequalem
1338 1309 1584 1374 frustra
1600 1327 1965 1392 quaereres:
2012 1310 2405 1394 antiquitate
2432 1331 2755 1378 veneran-

541 1410 693 1492 dae,
721 1412 931 1480 forma
982 1412 1271 1498 grandis,
1304 1412 1795 1478 characteribus
1822 1417 1915 1489 (n.
1968 1411 2587 1494 Moeso-Gothicis,)
2623 1415 2754 1480 ele-

541 1521 772 1598 gauter
786 1515 1059 1594 nitidus,
1090 1516 1354 1602 paginis
1384 1513 1738 1598 perfectus,
1757 1520 1824 1580 et
1846 1516 2019 1580 notis
2045 1505 2346 1600 plurimis
2367 1514 2759 1582 illustratus.

545 1616 708 1697 Hic,
729 1637 879 1686 cum
898 1619 1124 1684 multis
1151 1618 1303 1683 aliis
1334 1616 1508 1682 Mss.
1539 1636 1583 1683 a
1603 1617 1811 1683 nobili
1831 1618 2092 1686 Veneta
2125 1618 2453 1698 Libraria,
2489 1619 2756 1688 duobus

540 1720 650 1786 vel
705 1720 915 1786 tribus
955 1721 1191 1785 abhinc
1253 1720 1463 1794 annis,
1508 1720 1734 1803 magni
1808 1720 2003 1805 pretii
2069 1721 2423 1800 redemtus,
2479 1719 2758 1786 familiae

544 1818 975 1904 Aligeriensis
993 1823 1156 1887 olim
1182 1841 1271 1887 ex
1298 1822 1563 1907 peculio
1585 1822 1739 1904 fuit3
1783 1822 1982 1900 idem,
2011 1829 2091 1887 ut
2115 1822 2343 1900 fertur,
2386 1822 2505 1906 qui
2531 1822 2610 1886 in
2634 1841 2757 1888 usu

543 1923 673 1989 fuit
730 1925 1152 1990 celeberrimo
1223 1924 1444 2009 poetae
1520 1926 1773 1991 Dante:
1839 1915 2196 1991 membran.
2243 1924 2363 1992 fol.
2440 1944 2610 1992 saec.
2660 1941 2757 1990 lx.

546 2026 656 2092 vel
686 2043 766 2091 x.
797 2026 1118 2093 Canonici
1138 2028 1284 2092 Lat.
1320 2044 1449 2092 xi..

833 2229 1086 2296 Codices
1117 2229 1269 2298 Mu.
1304 2232 1377 2299 J.
1412 2231 1679 2299 Caesaris
1709 2231 1778 2299 in
1811 2231 2050 2299 Musaeo
2083 2231 2485 2300 Britannico.

636 2367 719 2433 In
751 2366 919 2452 Reg.
952 2368 1137 2434 Libr.
1167 2371 1274 2435 15.
1302 2369 1380 2435 C.
1413 2388 1544 2436 xv,
1578 2370 1647 2436 J.
1678 2369 1756 2434 C.
1781 2368 2145 2434 Comment-
2211 2367 2296 2433 In
2319 2366 2485 2433 folio
2516 2368 2758 2433 abraso

552 2471 700 2538 haec
732 2479 922 2538 sunt:
990 2477 1012 2507 ‘
1041 2472 1513 2558 Vespasianus
1564 2472 1908 2538 Librarius
1954 2471 2372 2536 Florentinus
2417 2472 2550 2537 hoc
2599 2487 2763 2555 opus

551 2574 909 2642 Florentiae
957 2576 1507 2641 conscribendum
1554 2575 1849 2642 curavit?
1940 2574 2118 2641 Haec
2163 2575 2364 2639 etiam
2402 2580 2564 2639 sunt
2593 2591 2762 2657 prae-

548 2678 756 2746 missa
800 2676 970 2743 Cod.
1020 2679 1308 2763 scripto:
1376 2682 1396 2713 ‘
1428 2677 1657 2743 Julius
1707 2676 1970 2742 Celsus-
1998 2676 2470 2742 Constantinus
2531 2674 2626 2743 V.
2686 2673 2762 2738 C.

550 2779 946 2847 emendavit.
1031 2781 1380 2865 Eleganter
1400 2783 1631 2868 script.
1677 2780 1956 2846 illumin.
1982 2780 2335 2845 membran.
2395 2778 2765 2854 Pretiosos,

556 2887 628 2947 at
655 2901 786 2948 non
810 2881 1003 2947 valde
1039 2885 1397 2969 antiquus.¹
1467 2883 1653 2949 Cent.
1688 2898 1818 2947 xv.

642 2982 726 3047 In
756 2983 927 3067 Reg.
959 2984 1111 3049 Lib.
1145 2986 1253 3051 16.
1302 2985 1392 3051 G.
1427 3001 1595 3050 vm.
1668 2984 1808 3050 Jul.
1858 2983 2067 3050 Cesar
2103 2984 2204 3049 les
2249 2979 2772 3048 Commentaires

552 3087 901 3152 translates
928 3105 1011 3151 en
1033 3085 1201 3151 Lille
1226 3087 1419 3153 1473.
1449 3106 1579 3171 par
1594 3084 1640 3150 J
1641 3106 1764 3151 ean
1785 3085 1870 3150 de
1894 3084 2150 3150 Chesne
2169 3067 2332 3150 arec
2364 3083 2771 3148 Peinctures.

557 3186 716 3253 Non
742 3187 815 3252 in
847 3189 1193 3272 proposito
1246 3195 1348 3253 est
1385 3191 1725 3255 versiones
1771 3208 2132 3255 memorare
2189 3189 2287 3265 (in
2338 3184 2609 3265 Codd.),
2649 3182 2775 3253 nisi

554 3289 916 3369 rarissime,
961 3296 1038 3355 ut
1066 3291 1195 3368 hic,
1238 3291 1356 3355 ubi
1403 3310 1575 3376 opus
1627 3297 1734 3357 est
1772 3292 2064 3374 elegans,
2103 3290 2306 3354 immo
2334 3286 2774 3373 splendidum.

560 3389 933 3458 Membran.
963 3393 1236 3458 illumin.
1267 3392 1387 3459 fol.

643 3493 823 3559 Libr.
857 3494 1261 3561 Cottoniana
1285 3497 1448 3562 nihil
1486 3495 1533 3561 J
1539 3496 1654 3561 ulii
1679 3494 2000 3574 Caesaris,
2029 3499 2106 3560 ut
2155 3493 2348 3558 nobis
2400 3489 2777 3567 innotescit,

560 3597 885 3679 possidet.

648 3697 960 3767 Biblioth.
994 3700 1190 3767 Harl.
1218 3701 1548 3786 quosdam
1567 3702 1911 3786 splendide
1939 3703 2203 3766 ornatos
2221 3696 2542 3764 continet:
2591 3694 2777 3781 cujus

564 3801 826 3882 generis
869 3806 972 3867 est
997 3801 1090 3867 N.
1116 3803 1313 3869 2683.
1333 3805 1673 3868 continens
1716 3805 1779 3869 1.
1809 3802 2049 3868 Libros
2073 3818 2205 3867 vn.
2228 3799 2398 3866 Bell.
2422 3797 2610 3865 Gan.
2633 3814 2776 3863 cun

1573 3975 1795 4028 NOTAE

631 4073 649 4101 ¹
689 4070 885 4122 Clarkii
924 4071 1083 4124 Nota
1123 4072 1312 4138 passim
1352 4073 1421 4123 ad
1460 4075 1632 4124 cua-
1713 4073 1850 4125 haud
1890 4073 2098 4141 quidem
2135 4072 2250 4138 ipse
2290 4068 2776 4141 antiquissimi-⁸221

564 4161 692 4199 rem.
762 4149 848 4199 De
886 4148 986 4198 hoc
1022 4148 1137 4200 cod.
1185 4150 1237 4199 in
1277 4148 1496 4199 Praefat.
1553 4149 1630 4199 sic
1710 4150 1866 4201 valde
1909 4148 2137 4215 antiquis
2193 4154 2367 4199 antem
2410 4146 2498 4215 (ut
2552 4140 2776 4204 viderit)

562 4224 793 4291 loquitur
811 4226 908 4277 Vir
930 4226 1039 4277 ct:
1077 4226 1363 4277 Maximum
1388 4226 1513 4275 mihi
1533 4225 1630 4277 hoc
1713 4227 1866 4279 codd.
1888 4227 2201 4291 exscriptus.

559 4299 613 4350 in
647 4300 827 4367 Opere
862 4303 1109 4356 auxilium
1126 4302 1309 4354 attulit
1354 4302 1472 4354 Lib.
1511 4303 1639 4368 Me„
